2272 4020
217 194 740 279 LrnnaQnrnrus.
871 226 933 289 245

59 299 159 374 scripto
174 298 292 356 retinere
306 298 393 375 poffit.
431 298 508 357 Nihil
522 297 558 356 est
573 299 649 356 enim
663 301 748 373 aptius
762 301 797 361 ad
811 300 929 365 deletia-

60 375 168 434 tionem
182 373 307 443 leltoris,
327 392 410 450 quam
426 386 585 449 temporum
600 375 741 433 varietates
755 378 932 457 fortunaeque

60 449 276 510 vicmitudrnes:
305 468 368 527 quae
390 449 438 509 erst
462 451 540 509 nobis
561 450 691 525 optabiles
711 451 740 509 in
763 456 931 529 experiendo

60 544 120 586 non
134 528 261 596 suerunt,
281 527 310 585 in
324 526 443 602 legendo
458 539 553 586 tamen
567 538 646 584 erunt
655 526 796 600 jucundae.
835 531 929 592 Habet

58 604 135 663 enim
148 604 279 690 praeteriti
300 601 401 661 doloris
420 601 511 661 secura
531 600 685 661 recordatio
707 601 928 667 delectationem.

59 679 166 737 Ceteris
187 678 255 737 vero
277 679 350 737 nulla
377 678 525 754 perfundis
552 679 659 754 propria
682 679 826 747 molestia;
855 682 928 744 casus

56 765 174 815 eautem
189 755 292 813 ahenos
306 753 362 812 fine
376 755 433 813 ullo
448 755 544 812 dolore
557 753 723 812 intuentibus·
738 799 746 824 ‚
767 757 851 815 etiam
872 758 949 831 ipsae
965 764 1044 803 autem

58 830 242 891 misericordia
272 830 309 888 cst
334 829 464 904 jucunda.
511 833 606 905 Quem
629 831 705 889 enim
733 832 857 891 nollrirm
881 818 1044 920 illc'gn'mb‘t

58 909 180 967 moriens
201 906 274 982 apud
293 906 322 957 ⁶7
333 908 504 966 Mantineam
533 906 738 980 Epaminondas
773 928 830 967 non
859 927 923 967 cum
956 895 1005 926 Μ’

57 983 179 1060 quadam
201 983 373 1041 miseratione
387 980 545 1041 fdelcdbat?
566 984 634 1059 aqui
655 996 715 1040 tum
738 983 855 1060 denique
877 966 1052 1076 libiamfsem

56 1060 137 1119 avelli
161 1059 240 1136 jubet
267 1059 422 1134 spiculum,
448 1058 562 1133 hpostea
583 1058 668 1135 quim
696 1059 721 1116 ei
754 1065 924 1135 percontanti
962 1040 1012 1141 Ἓξ,
1020 1097 1065 1142 MS

57 1135 164 1195 dilium
179 1136 232 1205 esi,
252 1136 381 1210 clypeum
397 1132 450 1193 elle
464 1134 582 1193 salvum:
603 1146 632 1193 ut
654 1137 737 1193 etiam
759 1138 786 1195 in
808 1110 1028 1220 vulnerissqpost.
1064 1130 1071 1145 ⁸

58 1211 156 1271 dolore
171 1231 254 1346 εεἭιιο
268 1212 363 1269 animo
378 1229 443 1270 cum
464 1210 544 1267 laude
568 1226 728 1268 moreretur.
768 1214 853 1287 Cujus
872 1214 1005 1283 siu-quam

56 1288 136 1347 dium
164 1289 193 1348 in
223 1287 331 1363 egendo
359 1306 418 1347 non
450 1284 611 1347 aerenum
647 1288 830 1348 Themistocli
862 1286 1001 1365 fugaMl'r'·

56 1442 104 1488 dem
114 1454 190 1491 teneor.
202 1441 308 1490 cicvrr.
326 1439 354 1487 ad
371 1438 521 1504 fannepmlt.
534 1440 608 1503 caffius
621 1454 671 1487 taur
686 1441 711 1491 dr
722 1441 835 1487 Dolabella
844 1441 925 1501 nester,

56 1507 94 1551 ares
101 1508 175 1567 petius
185 1518 271 1567 uterque
282 1504 361 1563 noster,
374 1504 453 1563 struda'r's
467 1506 542 1564 iisdem
553 1517 653 1552 tenentur.
672 1502 742 1553 ovid.
751 1518 784 1553 lv.
801 1507 903 1554 Metam.

257 1592 373 1606 -—-
390 1567 474 1625 versum
485 1582 533 1613 cum
542 1567 632 1625 smilace
640 1568 705 1624 fleres

223 1634 340 1685 Pretereo,
355 1631 453 1691 dulcique
467 1634 548 1675 enimes
562 1632 657 1675 revitate
672 1629 746 1677 tenebo.

58 1691 104 1742 Sed
122 1691 213 1743 videtur
230 1690 260 1740 ad
275 1693 396 1739 Ciceronis
412 1691 508 1755 genium
528 1694 603 1755 magis
618 1690 768 1738 conformata
782 1694 881 1743 oratio:
904 1693 924 1744 li

54 1757 134 1833 scripu
145 1754 262 1810 deleatur,
278 1754 425 1819 legaturque,
440 1757 569 1802 veliementer
579 1757 661 1801 animos
675 1758 784 1801 luminum
799 1759 821 1801 r'n
838 1759 923 1819 legende

55 1832 148 1866 retinere
162 1817 226 1879 peffir.
250 1818 359 1866 Graevius.
817 1854 821 1863 ,

87 1890 125 1938 67.
142 1883 197 1927 Men
207 1884 296 1936 ineam]
327 1879 414 1927 Urbem
431 1878 550 1937 Arcadia,
567 1877 718 1928 nobilitatam
732 1877 798 1928 clade
813 1879 922 1928 Lacedae-

56 1945 211 1999 moniorum,
227 1946 251 1992 &
262 1943 360 1991 vitioria
370 1943 552 2006 Epaminonda,
568 1941 735 2002 Thebanorum
745 1940 817 1991 ducis.
846 1945 920 1991 AEmi-

56 2004 107 2055 lius*
114 2005 199 2055 Probus
212 2040 218 2062 ,
235 2005 335 2069 Justinus
346 2003 385 2054 lib.
394 2021 428 2053 vr.
445 2003 572 2053 Strabolib.
580 2019 640 2054 vrrr.
674 2011 700 2055 P.
708 2009 793 2051 alanus.

89 2079 127 2117 ⁶8.
146 2072 243 2118 Erosium
257 2068 390 2119 Themistocli
400 2067 455 2129 fugai
471 2069 581 2127 redituque
595 2072 714 2125 retianum]
744 2073 829 2115 Vetera
839 2080 921 2115 exem-

55 2133 132 2207 plaria
147 2131 280 2190 Themistocli
293 2131 384 2178 tatione
398 2130 481 2179 veteris
494 2129 658 2178 declinationis
670 2164 676 2186 ‚
687 2144 740 2194 .qua
754 2127 826 2177 dandi
843 2127 921 2179 castum

54 2210 83 2246 ru
97 2192 256 2253 huiuscemodi
267 2191 401 2242 nominibus
411 2208 453 2257 pro
464 2192 591 2264 generandi
601 2191 718 2256 ponebant
731 2226 738 2248 ‚
754 2206 778 2240 ut
789 2191 858 2251 vlrffi
873 2206 917 2255 pro
986 2201 989 2207 ’

57 2256 156 2320 vinis,
173 2259 264 2304 „Achilli
291 2272 317 2304 ro
329 2257 444 2303 Acirille's:
460 2260 491 2305 irc
501 2258 574 2306 etiam
584 2257 608 2303 in
618 2255 698 2304 nostro
709 2255 841 2319 probatiore
850 2254 924 2303 codi-·

53 2335 82 2371 ce
93 2318 158 2385 epist.
170 2320 198 2368 ad
213 2325 263 2368 Att.
274 2273 314 2369 sib.
322 2333 383 2369 1111.
400 2326 447 2365 Nm
458 2321 520 2369 vides
536 2323 604 2381 ipsum
619 2320 683 2366 illum
694 2319 813 2379 „Aristoteli
827 2319 922 2380 descipu-

54 2386 102 2431 sum
113 2417 120 2439 ,
137 2398 180 2446 pro
191 2382 324 2442 Aristotelis.
341 2386 402 2431 item
412 2381 442 2429 ad
452 2388 503 2431 Att.
514 2380 554 2432 lib.
563 2397 597 2431 lx.
620 2387 650 2430 Et
660 2386 685 2430 L.
697 2382 780 2440 confisis
794 2414 802 2436 ‚
816 2396 841 2426 uc
855 2384 922 2428 Ther·

49 2450 120 2510 phuni
134 2448 287 2509 persequamur.
320 2448 350 2495 Et
366 2442 451 2493 eodem
467 2443 507 2494 lib.
523 2446 595 2493 etiam
609 2444 634 2492 in
650 2445 769 2507 vulgatis,
786 2446 920 2490 „Ariarathes

54 2508 212 2558 ,Ariobarzani
221 2509 301 2568 filius,
317 2522 360 2570 pro
371 2508 541 2557 Arirbarunis.
575 2513 642 2556 Hanc
657 2522 707 2554 rem
723 2504 789 2570 prisci
804 2508 828 2553 δι
840 2520 920 2553 recen-

52 2573 127 2622 tiores
140 2572 293 2619 Grammatici
305 2569 457 2626 adnotarunt,
474 2569 579 2634 plurimis
590 2585 619 2619 ex
631 2569 747 2632 Vergilio,
765 2572 790 2616 &
800 2582 829 2614 ex
839 2580 920 2615 orato·

52 2633 116 2684 ribus
127 2635 213 2689 eriam,
229 2637 253 2683 bt
271 2631 391 2681 Historicis
400 2634 515 2691 exemplis
525 2631 637 2680 addustis.
662 2636 772 2693 l‘r'clorius.
805 2631 921 2688 Themisto·

53 2701 93 2745 elis
101 2697 177 2761 fuga,
194 2697 276 2744 Veneti
287 2694 349 2744 rests
361 2696 511 2750 Themilecli,
528 2709 552 2743 ut
568 2696 780 2753 Arcbom'difiliam.
807 2697 920 2749 Queren-

53 2760 113 2810 dum
123 2772 203 2809 autem
213 2774 285 2822 quam
299 2757 381 2822 sugam
397 2759 543 2821 reditumque
553 2756 615 2805 dicat
632 2758 717 2804 Cicero
734 2753 918 2813 Themistoclis:

53 2825 182 2874 nonenim
194 2835 255 2872 certe
265 2820 332 2869 rediit
343 2820 396 2876 ille,
413 2822 538 2884 quamuis,
553 2833 579 2867 ut
595 2818 741 2882 Thucydides
757 2814 859 2880 scripsit,
876 2815 919 2864 ad.-

54 2883 126 2935 versis
136 2887 210 2933 ventis
220 2884 309 2932 delatus
322 2884 391 2932 nient
405 2882 491 2932 rursum
507 2880 537 2931 aa
552 2879 647 2931 classem
659 2878 842 2931 Athenienfiuna.
876 2878 921 2929 Sed

54 2949 102 2998 hoc
118 2948 219 2997 reditum
228 2961 311 2994 vocare
320 2944 382 2999 cett'e
394 2960 444 2993 non
453 2942 573 3009 poffimus.
605 2952 752 3008 Quapropter
766 2940 917 2991 consideran·

55 3012 128 3069 dum,
143 3024 174 3059 an
187 3026 237 3058 non
248 3012 273 3058 &
289 3009 335 3057 hoc
352 3010 411 3056 inter
427 3009 611 3067 αἱμιρτιίμιτα,
627 3023 677 3071 quac
697 3006 821 3063 nannetensi
836 3004 918 3052 dicun·

55 3088 92 3123 tur
103 3108 111 3131 ,
127 3072 297 3122 numerandum
307 3069 352 3121 eil'e
360 3069 482 3125 videatur,
497 3082 524 3117 ut
532 3073 558 3118 in
570 3073 651 3118 animo
661 3070 730 3118 suerit
742 3069 853 3117 Ciceroni
864 3080 917 3115 tum

54 3153 110 3186 curn
120 3135 169 3187 hac
176 3134 280 3185 scriberet
292 3133 418 3183 Alcibiadis
428 3131 535 3186 historia,
551 3148 628 3197 neque
641 3132 762 3189 advertens
778 3127 825 3194 ipse
852 3128 920 3177 osue·

54 3204 83 3249 rit
101 3214 192 3248 nornen
208 3197 378 3248 Themistoclis.
412 3201 449 3245 De
466 3194 592 3243 Alcibiadis
607 3198 672 3243 enim
685 3196 758 3242 exilio
780 3197 805 3241 bc
826 3145 882 3253 siga
904 3206 919 3239 e

55 3264 151 3318 Sicilia,
171 3262 246 3325 deque
262 3262 323 3309 illius
339 3261 528 3310 revocatione&
545 3256 619 3305 reditu
628 3257 722 3305 historia
733 3255 765 3304 est
778 3252 872 3303 illustris
888 3256 915 3302 bc

52 3322 162 3391 copiosa,
179 3326 203 3373 bc
215 3323 275 3387 apud
286 3321 448 3399 Thucydidem
458 3326 483 3369 br
495 3321 603 3383 Xenoph.
620 3319 660 3368 lib.
671 3335 690 3367 r.
706 3322 817 3365 Ἕλληνα.
834 3324 914 3367 camer.

53 3392 155 3438 Eresium
166 3386 299 3445 Tbernr'stecli
304 3388 358 3447 fura
371 3387 480 3447 redituque
489 3386 597 3432 emittetur.
614 3386 673 3430 Non
681 3379 767 3428 habeut
774 3380 916 3439 Themistoclis

52 3453 111 3503 Pall.
123 3450 167 3499 sec.
179 3461 232 3497 tert.
244 3462 319 3512 quart.
332 3446 470 3503 Medicam,
485 3450 506 3493 V
509 3447 560 3494 atie.
572 3443 645 3492 editio
655 3443 760 3491 Victorii.
773 3457 816 3506 pro
825 3444 916 3489 arellam

50 3514 108 3568 tero
119 3511 178 3565 lali.
191 3507 232 3564 sec.
245 3524 320 3577 quart.
329 3524 432 3576 ereprumr
449 3510 524 3575 quint.
537 3508 624 3558 ναῖκι
640 3504 747 3560 stewech.
757 3507 837 3556 neae.-
853 3506 916 3555 unda

535 3573 587 3638 aaa
868 3570 919 3615 ⁶¹⁸·
