2272 4020
42 39 1068 99 '—

202 227 394 304 erra'
435 226 758 300 Sr‘rrruus.
860 247 922 321 397

42 357 114 425 quae
128 344 166 408 est
178 344 243 404 haec
262 341 393 404 servitus?
413 343 510 412 Olim,
530 342 595 402 cum
617 360 729 418 regnare
750 342 920 407 existimabo*

44 440 130 494 mur,
150 430 280 482 nontam
295 423 328 479 ab
342 421 418 490 ullis,
437 417 522 496 quim
538 421 594 478 hoc
608 433 737 494 tempore
751 421 880 482 observor
897 423 917 483 a

44 498 257 559 familiariffimis
271 496 388 556 ⁴Caesaris
415 496 543 555 omnibus
565 539 574 566 ,
600 507 700 571 praeter
725 493 813 554 istum.
844 499 918 559 ⁶0ld

48 591 103 653 ego
126 579 155 636 in
166 575 245 636 lucris
258 591 336 650 pono
349 585 409 634 non
424 573 494 630 ferre
507 572 655 631 hominem
670 569 696 610 ⁶¹
707 570 919 645 pestilentiorem

48 653 137 729 patria
149 651 210 711 liu:
230 667 353 728 eumque
368 646 510 709 adduam
527 648 588 725 jam
607 659 669 707 tum
683 642 821 723 puto'else
842 652 921 784 Callui

442 748 457 757 ,⁴
898 747 922 787 ι,

50 915 117 981 quod
127 919 265 970 testimonio
275 918 329 970 huic
339 917 439 969 firmiter
455 914 594 977 omdatnnr:
609 917 679 985 ipsius
692 920 757 970 enim
773 934 923 971 commenta·

49 976 80 1029 rii
93 995 119 1030 ut
130 982 237 1047 improbe
249 983 310 1031 olim
319 982 449 1031 detruncati
464 981 557 1032 fuerunt
570 1020 577 1040 ,
598 984 631 1031 ita
648 997 711 1031 nunc
727 984 809 1032 multis
824 987 923 1033 maculis

50 1041 140 1092 foedati
151 1044 209 1096 sunt.
244 1046 377 1097 Plutarchus
388 1046 414 1093 in
425 1047 522 1094 Erotico
533 1079 541 1102 ,
558 1046 598 1110 qui
607 1058 686 1095 totam
697 1046 818 1096 historiam
829 1063 922 1098 accura*

51 1117 78 1154 te
88 1111 201 1172 exponit,
216 1123 320 1173 nequam
330 1108 391 1157 hunc
402 1106 526 1157 hominem
541 1107 662 1164 Gabbam,
678 1110 716 1158 vel
727 1108 828 1158 Galbam
860 1113 922 1162 orior

52 1171 171 1235 appellat:
188 1184 252 1221 totus
263 1185 341 1221 autem
350 1172 417 1218 locus
429 1169 457 1218 ab
467 1168 565 1220 Erasmo
575 1172 601 1218 in
612 1171 738 1220 Proverbiis
754 1187 824 1236 eapte
844 1189 869 1222 us
878 1173 920 1226 est,

50 1232 297 1283 Animadvertendum
308 1248 402 1289 tamen,
418 1232 471 1297 quis
480 1232 550 1283 fuerit
560 1233 602 1282 ille
612 1238 749 1290 Mecoenas,
765 1251 779 1284 a
794 1250 843 1300 quo
860 1252 922 1286 uxo·

51 1308 105 1344 rem
115 1293 181 1346 suam
192 1295 245 1346 suba
263 1299 315 1347 itari
324 1311 375 1345 tam
391 1310 458 1359 aquo
470 1298 550 1344 animo
562 1300 636 1360 capias
647 1296 684 1346 hic
695 1332 703 1353 ,
718 1296 766 1347 five
777 1292 859 1348 eabba
869 1299 921 1364 pas*

52 1355 91 1406 sus
100 1355 143 1408 lit:
161 1375 211 1408 non
221 1375 286 1409 emm
296 1359 419 1408 familiaris
429 1358 470 1406 ille
483 1357 580 1424 Augusti
590 1357 685 1407 Caesaris
700 1358 745 1408 elle
755 1364 845 1425 potuit:
861 1377 920 1414 nam

49 1422 172 1487 antiquius
183 1423 231 1484 eius
243 1435 310 1471 atate
320 1423 366 1470 hoc
377 1419 526 1486 proverbium
537 1420 581 1470 fuit
595 1438 601 1469 ε
619 1435 633 1469 a
643 1423 759 1471 Cicerone
770 1426 835 1472 enim
846 1423 920 1473 addu-

50 1484 131 1542 citur,
148 1489 173 1536 δι
184 1486 300 1535 aLneilio
316 1499 425 1552 qnoque,
441 1496 519 1535 vetere
529 1497 613 1548 poeta,
630 1483 771 1535 celebratum
785 1485 838 1536 fuit.
861 1493 920 1537 1²1ae·

50 1556 120 1595 terea
134 1549 159 1597 in
175 1548 250 1597 verbis
270 1553 321 1599 Sex.
344 1547 452 1612 Pompeii
466 1546 640 1614 cogitandum,
656 1562 686 1595 an
703 1551 855 1610 rupim&
872 1549 921 1621 legi

49 1607 157 1669 debeat,
174 1610 239 1675 quod
270 1624 331 1659 uto:
353 1624 424 1674 quem
444 1611 509 1660 enim
523 1611 605 1659 locum
619 1607 652 1657 ibi
667 1614 793 1673 pararencho
808 1611 855 1660 lroc
871 1620 924 1662 calu

51 1671 140 1721 lrabeat
156 1687 206 1723 non
221 1677 244 1723 vi
261 1690 309 1722 eo:
326 1674 435 1739 quamvis
446 1671 511 1724 dour
522 1674 566 1723 viri
574 1670 688 1722 mendum
697 1673 724 1723 in
735 1674 782 1722 illis
792 1671 838 1724 effe
854 1672 925 1741 suspi-

53 1735 231 1790 catinonfint,
263 1737 340 1789 Vilior.

85 1805 124 1847 60.
142 1801 170 1846 Id
185 1815 218 1862 ego
234 1804 258 1848 in
274 1801 338 1848 lucris
349 1814 400 1864 pona
424 1818 464 1847 non
477 1798 536 1858 ferre
548 1802 653 1848 hominem
671 1797 833 1861 pestilentiorem
849 1807 924 1864 patria

46 1861 115 1923 sua:
132 1879 219 1926 eumque
234 1863 343 1910 addillum
354 1868 405 1924 jam
424 1876 472 1910 rum
484 1875 535 1924 puro
552 1864 589 1924 effe
609 1865 669 1909 Calor
684 1864 769 1908 Licinii
784 1869 922 1926 Hippaaallo

48 1930 176 1988 preconia]
191 1926 294 1972 Manutii
304 1925 464 1989 interpretatio
474 1939 524 1973 non
535 1922 610 1991 potest
620 1921 719 1988 probari.
748 1929 801 1997 Ego
816 1931 925 1990 Hippona-

51 1987 125 2034 ἕσσω
139 2001 235 2036 carmen
250 1985 279 2034 ab
292 1991 376 2034 Licinio
393 1990 458 2034 calvo
474 1988 499 2034 in
513 1986 589 2052 ipsum
604 1989 719 2048 Tigellium
734 1985 838 2036 stnstum
857 1987 925 2040 fuisse

53 2047 149 2100 censeo.
183 2055 248 2099 Nam
264 2051 319 2116 quid
342 2048 374 2097 est
389 2046 516 2098 studiosum
536 2047 582 2115 effe
603 2045 728 2097 versuum?
750 2064 807 2098 num
824 2048 925 2102 libenter

50 2120 95 2161 eos
107 2112 202 2177 legere?
218 2112 240 2160 si
250 2114 305 2175 quia
315 2111 380 2160 dodi
392 2115 416 2161 δι
433 2109 510 2162 diserti
524 2126 608 2169 erant,
624 2111 726 2160 austeris
741 2114 855 2177 ingenio,
872 2131 924 2164 non

52 2175 114 2224 odio
126 2177 175 2236 ejus
187 2209 193 2230 ,
210 2177 235 2222 in
245 2189 317 2238 quem
327 2174 384 2223 fasti
393 2188 472 2231 erant,
486 2172 609 2239 placebant
623 2191 630 2222 t
646 2172 694 2230 lin,
711 2177 766 2238 quia
781 2178 924 2227 Ciceronem

52 2237 153 2295 oderat,
171 2240 196 2286 δι
215 2237 329 2302 gaudebat
346 2239 394 2300 ejus
418 2239 586 2296 contumelia,
607 2237 654 2287 alia
689 2238 767 2286 raviot
785 2235 925 2304 praecelleret

52 2296 132 2348 caulla
142 2298 299 2358 simultatum,
316 2315 392 2365 neque
418 2316 497 2351 roma
515 2317 547 2350 no
557 2302 648 2367 potalet
686 2302 747 2349 icero
764 2316 814 2349 non
831 2301 924 2353 ooliab

53 2361 154 2423 homine
165 2365 268 2412 carmina
279 2366 303 2412 in
314 2361 389 2428 ipsum
400 2315 480 2427 deripta
497 2317 599 2431 legente.
622 2365 701 2410 calvus
715 2364 792 2413 numo
808 2367 925 2439 Tigellium

55 2426 118 2475 olim
130 2422 242 2491 probroso
252 2428 355 2476 carmine
367 2426 540 2485 infamaverat,
558 2431 583 2478 ὅ(
595 2428 702 2482 metiris,
718 2429 804 2490 opinor
814 2461 822 2483 ,
838 2425 923 2477 mulle-

56 2501 93 2538 tat
107 2489 255 2554 turpitudinis
265 2490 334 2539 notis.
367 2494 420 2537 Hoc
429 2486 485 2539 dicit
507 2491 657 2553 &ariprandi
674 2490 724 2538 cic.
741 2491 853 2539 adelidam
867 2489 924 2554 llr'p-

56 2554 155 2615 pmalieo
166 2555 273 2614 preconio.
306 2558 441 2600 Praeconum
456 2551 489 2601 est
504 2553 652 2627 proclamare
666 2551 779 2607 venales,
795 2566 926 2618 eorumque

55 2615 179 2679 praedicare
194 2617 289 2663 virtutes
307 2617 332 2663 δι
343 2627 416 2670 artes,
432 2627 457 2662 ut
471 2616 538 2671 aitrus
554 2629 686 2678 emptorem
700 2615 833 2663 inveniant:
850 2614 924 2667 iidem

55 2675 194 2726 addicebant
225 2679 344 2740 emptori,
365 2677 404 2725 seu
417 2677 527 2737 jubebant
545 2691 679 2742 emptorem
692 2675 775 2725 ducet'e
797 2690 923 2741 emptum,

54 2738 95 2789 ubi
110 2740 140 2789 de
150 2741 225 2804 ptetio
236 2752 385 2788 convenerat.
402 2743 452 2790 Cic.
468 2755 511 2804 pro
526 2740 586 2790 aab.
603 2739 730 2794 Posthumo
744 2740 925 2803 repetundarum

56 2814 118 2851 reo:
143 2817 204 2859 aaa,
226 2802 341 2862 Postume,
371 2820 454 2851 nummo
467 2802 561 2865 sestertio
579 2821 593 2850 a
607 2820 640 2849 me
654 2803 790 2851 addicuntur.
825 2810 925 2852 Omeum

58 2867 163 2926 mrferum
185 2866 320 2928 acerbumque
343 2869 495 2927 preconium!
515 2871 552 2916 lta
572 2861 701 2930 proscripslt
737 2867 924 2942 reclamavitque

57 2929 90 2976 lli
107 2923 225 2993 ponadeo
236 2925 340 2976 carmine
350 2926 492 2992 Tigellium,
508 2931 534 2977 δι
546 2928 677 2993 praedicavit
691 2879 863 2995 pudlicavitque
874 2946 923 2991 epus

56 2943 264 3046 sceleratoria,
281 2992 305 3038 δι
317 2989 439 3039 hominem
450 2991 560 3039 duratura
576 2992 600 3040 in
616 3000 727 3039 aternum
740 2991 842 3047 infamia
857 2991 923 3057 quali

56 3051 148 3102 addixit
167 3053 262 3102 Calvus.
297 3050 400 3118 Suspicor
415 3067 495 3102 autem
519 3050 685 3117 supervacanea
706 3050 752 3101 elle
767 3054 815 3102 duo
836 3054 925 3111 verba,

53 3128 107 3179 puro
123 3116 186 3177 effe:
210 3127 237 3161 ut
253 3115 338 3171 fuerit,
360 3133 400 3162 non
412 3115 471 3175 ferre
487 3119 591 3165 huminem
603 3115 764 3180 pestilentiorem
780 3121 854 3180 patria
864 3119 926 3179 fua,
1004 3119 1006 3122 ’

55 3194 104 3226 eram
120 3196 146 3225 m
164 3179 275 3225 additium
277 3181 330 3241 jam
345 3193 392 3226 rum
407 3181 473 3226 Calvi
486 3182 570 3228 Licinii
579 3181 715 3242 Hipponalleo
727 3184 834 3240 praeconio.
862 3182 925 3231 Eum

73 3195 196 3296 radettim,
213 3241 304 3304 inquit,
319 3254 391 3304 quem
403 3240 451 3300 jam
461 3255 517 3291 ante
526 3254 564 3291 tot
575 3256 651 3291 annos
661 3240 791 3304 praedicavit
809 3246 887 3290 Calvus
896 3256 923 3293 ut

79 3307 170 3367 ipponax
180 3302 339 3352 Anthetmum
348 3307 373 3354 δι
383 3305 514 3368 Bupalum:
530 3303 595 3368 quast
624 3317 681 3350 tacco
697 3303 924 3369 venalemexposrur

55 3378 112 3415 cum
123 3369 268 3414 ornamentis
279 3362 401 3423 omnibus,
418 3365 558 3431 tradiditque
572 3370 579 3379 '
623 3367 674 3413 mia
686 3366 749 3414 velut
760 3370 880 3432 proprium
896 3371 924 3420 δι

56 3427 186 3480 addid’mm.
220 3430 244 3486 J'.
253 3433 278 3478 F.
286 3433 415 3478 Gronovius.
623 3487 625 3491 .

88 3500 127 3542 61.
144 3490 308 3550 Pestilenrt‘orem
336 3497 393 3540 arria
404 3494 465 3554 fua]
479 3492 508 3541 Ti
525 3490 574 3540 ellii
588 3491 663 3554 patria
679 3489 802 3541 Sardinia:
819 3489 849 3540 de
860 3494 924 3551 cuius

56 3553 176 3621 pestilenti
191 3554 252 3606 calo
266 3554 310 3609 illu
343 3568 484 3623 argumento
500 3506 533 3608 dl
548 3557 573 3605 in
589 3565 625 3619 ep.
641 3569 661 3612 3·
683 3553 725 3607 lib.
740 3568 771 3607 rr.
793 3554 824 3604 ad
839 3558 924 3681 {aa
1003 3601 1008 3609 ,

868 3630 930 3660 m·
