2272 4020
1122 39 1133 141 i

230 170 293 240 234
337 150 449 217 Erisr.
472 166 523 213 nn
544 144 754 213 Mtrrmun
773 164 818 214 ur
839 136 997 217 certios

229 272 246 333 b
260 272 375 350 pueritia
388 270 433 330 sua
444 268 568 345 semper,
585 278 682 327 tamen
696 268 753 327 hoc
765 279 894 344 tempore
901 268 1094 344 maximddic·

230 364 262 409 ut
282 351 398 409 alterum
416 360 577 424 parentem,
596 346 628 405 bc
640 344 781 416 observat,
800 346 832 405 δι
844 345 891 404 dili
911 348 939 406 't.
977 350 1038 410 Has
1056 352 1094 411 iit-

228 438 300 486 teras
319 426 405 485 vclim
425 422 560 483 existimes
580 420 691 483 foederis
711 422 847 481 habituras
868 440 884 480 e
905 442 921 481 e
941 424 1022 495 vim,
1040 446 1093 491 nun

230 503 371 581 epistolae,
390 518 494 578 meque
514 518 570 572 ea,
589 512 655 577 quae
668 509 696 553 45
705 500 754 559 tibi
761 500 903 635 (pppmitto
921 517 955 559 ac
976 504 1093 581 recipio,

80 595 99 630 ο
113 580 157 625 ⁴¹5?
169 577 207 625 δ’·
228 578 390 641 sandiflimd
409 574 486 636 ⁰eiie
505 576 735 648 observaturum,
782 578 805 587 ''
827 576 1021 657 entiffimeque
1047 598 1063 640 e
1080 600 1095 641 e

79 647 124 692 ’ω
132 636 187 693 ‘sev
228 656 374 717 neuram.
394 658 470 732 Quae
482 652 499 713 i
513 672 561 714 me
580 650 699 731 sucepti
719 654 783 713 dese
812 672 843 711 10
858 653 912 724 est,
931 664 961 711 te
974 656 1097 728 absente,

230 734 367 810 dignitatis
386 744 466 791 tuae:
493 730 524 791 in
551 749 583 789 ea
605 733 660 789 'am
676 748 759 807 ego,
779 748 839 789 non
857 728 946 789 solum
967 733 1096 793 amicitia

155 816 158 826 '
230 810 346 881 nostrae,
365 809 510 868 sedetiam
531 825 566 866 co
608 808 691 865 anriae
712 824 786 865 meae
805 806 900 877 causa,
920 812 1097 885 permanebo.

230 888 425 964 Quamobrem
451 884 509 943 satis
536 882 588 942 esse
614 883 670 941 hoc
700 896 828 959 tempore
855 885 996 947 arbitratus
1022 887 1096 957 sum,

81 979 98 1031 p
114 963 162 1013 haec
231 965 308 1021 Phoc
321 964 357 1022 nd
370 976 398 1021 te
410 962 523 1019 scribere
531 983 541 1028 ;
561 978 626 1034 me,
645 959 747 1037 siquid
758 958 814 1035 ipse
827 960 911 1021 intelli
931 980 1036 1035 erem,
1054 978 1096 1023 aut

82 1031 155 1081 ΠΜ·
232 1040 266 1097 ad
281 1040 470 1110 voluntatem,
489 1050 536 1096 aut
550 1038 585 1097 ad
599 1038 802 1107 commodum,
822 1048 869 1096 aut
888 978 931 1097 adg
943 1040 1096 1118 ‘amplitudi-

232 1134 299 1175 nem
313 1128 391 1173 tuam
407 1117 561 1191 pertinere,
579 1132 644 1174 mea
656 1115 753 1191 sponte
765 1112 794 1172 id
809 1110 863 1173 effe
883 1114 1041 1177 nuruum:
1060 1116 1095 1177 fin

231 1203 326 1250 autem
338 1194 480 1270 quippiam
493 1203 541 1251 aut
553 1192 570 1251 b
582 1203 611 1250 te
625 1188 709 1252 essem
723 1187 903 1263 admonitus,
923 1206 971 1253 aut
993 1195 1011 1255 ir
1025 1194 1095 1263 tuis:

231 1266 414 1341 effeuumm,
433 1281 465 1327 ut
489 1268 667 1345 intelligeres,
686 1268 754 1328 nihil
779 1285 872 1344 neque
891 1281 921 1329 te
949 1268 1096 1349 scripisse,

230 1363 324 1422 neque
350 1364 521 1425 quemquam
546 1356 660 1405 tuorum
693 1342 786 1404 fiustrb
818 1344 854 1403 ad
885 1364 934 1405 me
968 1344 1095 1409 derisisse.

227 1424 424 1498 Quamobrem
437 1424 523 1482 velim
535 1423 573 1481 ita
588 1424 618 1482 &
630 1422 686 1501 ipse
697 1420 733 1480 ad
745 1440 792 1480 me
810 1420 905 1482 scribas
920 1422 956 1483 de
969 1426 1096 1485 omnibtn

224 1499 367 1570 minimis,
386 1501 537 1570 maximis,
557 1496 793 1577 medocnbusque
813 1498 916 1572 rebus,
936 1511 968 1559 ut
990 1502 1029 1561 ad
1047 1502 1096 1561 ho-

225 1576 334 1634 minem
365 1577 581 1637 amiciffimum:
609 1578 639 1635 &
663 1576 715 1635 tuis
741 1575 905 1651 praecipias,
932 1588 965 1636 ut
1000 1596 1094 1655 opera,

226 1650 364 1725 confiso,
384 1655 562 1723 audoritate,
581 1653 665 1731 gratia
685 1670 748 1711 mea
767 1651 804 1713 fic
823 1664 937 1712 utantur
955 1655 987 1715 in
1008 1655 1094 1718 omni-

228 1730 303 1800 bus,
322 1732 458 1807 publicis,
477 1730 610 1808 privatis,
630 1727 802 1797 forensibus,
821 1728 1005 1803 domesticis,
1023 1732 1094 1801 tuis,

231 1807 405 1878 amicorum,
424 1809 579 1884 hospitum,
599 1806 741 1864 clientium
760 1817 873 1864 tuorum
892 1807 1016 1894 negotiis
1022 1832 1033 1877 ;
1052 1820 1092 1877 ut,

231 1884 327 1959 quoad
338 1887 396 1962 ejus
408 1884 467 1943 fieri
480 1885 577 1962 possit,
596 1882 747 1958 praesentiae
759 1894 816 1942 tuae
830 1881 997 1948 desiderium
1011 1900 1093 1947 ‘imno

131 1996 139 2014 ·
229 1960 323 2021 labore
336 1964 483 2026 minuatur.
520 1962 600 2020 Vale.

494 2116 753 2165 Errsroun
782 2116 829 2163 lx.

262 2241 313 2287 AR
320 2242 351 2289 G.
384 2244 410 2288 P.
432 2241 549 2296 Vatinius,
569 2242 609 2302 qui
622 2238 756 2285 tribunatum
767 2238 897 2363 Ἔμεινε*
913 2242 994 2303 casm
1007 2244 1092 2306 consus,

231 2306 343 2367 omniaque
351 2319 377 2349 ex
390 2306 436 2364 ejus
450 2304 540 2351 libidine
549 2300 757 2363 administraverat,
769 2315 784 2366 p
830 2302 967 2363 :ansuinum
983 2309 1010 2353 in
1026 2310 1092 2369 Iispn'·

252 2538 263 2567 s
273 2520 325 2580 snm
345 2520 429 2571 Publio.
456 2525 507 2571 Art.
520 2537 555 2570 11.
570 2529 605 2569 rs.
626 2522 685 2567 Time
700 2530 738 2581 per
758 2521 828 2567 multa
842 2520 905 2583 figna
924 2520 1092 2573 bemotmiu
1134 2561 1136 2571 .

225 2536 287 2631 {inis
298 2587 455 2647 inpertianrur.
471 2589 503 2632 Ut
513 2582 544 2631 sic
555 2582 626 2635 ovid
644 2598 655 2630 1
667 2586 727 2630 Met.
736 2598 788 2640 370.
805 2584 829 2643 J.
837 2587 862 2633 F.
869 2587 970 2637 Gronov,

260 2664 298 2706 45.
315 2648 368 2695 Tibi
372 2651 472 2711 promitto
482 2665 507 2692 ac
515 2649 609 2720 ruffin]
639 2647 741 2711 ,Aliquid
756 2648 825 2693 alieni
837 2650 929 2710 mipene
944 2648 982 2699 est
998 2646 1094 2717 polliceri
1132 2661 1134 2666 ⁴

227 2708 268 2756 vel
284 2713 421 2773 promittere
435 2706 606 2774 significatione
620 2712 692 2757 etiam
707 2706 839 2758 efficaciori.
866 2710 903 2759 sic
913 2709 1005 2765 libus.
1020 2728 1094 2781 epu.

228 2775 300 2827 Pansa
309 2777 366 2819 mihi
374 2792 413 2819 non
426 2776 496 2834 susum
506 2774 653 2834 confirmavit,
665 2773 704 2832 sed
713 2774 779 2817 niam
789 2774 862 2833 recepit
874 2774 898 2833 se
908 2774 1094 2835 ubinamst.
1133 2807 1136 2819 .

223 2832 358 2899 -rbilippv,
373 2840 475 2882 Promirrn
489 2870 496 2890 ,
510 2840 586 2898 recipio
599 2868 606 2891 ‚
617 2836 723 2899 spondeo,
744 2839 770 2885 P.
783 2840 805 2883 C.
823 2837 899 2895 cajum
914 2839 1022 2899 Caefiarem
1039 2842 1095 2887 raim

226 2897 309 2958 semper
318 2898 368 2956 fore
381 2903 457 2949 civem.
470 2897 511 2946 lib.
520 2914 540 2946 1.
556 2912 593 2962 ep.
605 2914 627 2951 9.
644 2899 748 2963 Qidnuc
758 2898 802 2957 fibi
817 2901 836 2943 is
852 2898 927 2945 deme
942 2904 1065 2965 recepiffer,
1078 2906 1096 2947 ἔι

230 2963 355 3007 memoriam
365 2962 450 3023 redegit.
466 2960 488 3024 J.
501 2964 526 3009 F.
539 2964 647 3011 Gronov.
681 2959 720 3008 Ad
735 2962 807 3009 Attic.
824 2958 863 3011 lib.
878 2975 912 3011 11.
929 2964 1001 3027 epist.
1008 2964 1095 3016 22:511

228 3022 297 3083 fidam
312 3025 404 3085 recepisse
416 3024 458 3081 fibi
473 3026 498 3074 (γ
514 3026 583 3085 ipsum
597 3025 623 3075 ό
635 3028 736 3087 ,Appium
751 3025 777 3069 de
791 3041 832 3072 me.
864 3023 913 3073 Ubi
923 3029 1010 3089 potius
1025 3029 1095 3095 legen·

231 3084 290 3133 dum
300 3100 355 3134 cum
365 3086 592 3147 Gronovioded1ffe‚
608 3088 646 3134 vel
662 3086 788 3133 delendum
797 3088 824 3134 τὸ
835 3087 919 3149 fidem,
936 3103 998 3139 cum
1011 3090 1095 3140 imm

233 3147 321 3212 quendi
336 3150 397 3198 ratio
413 3147 441 3197 sit
458 3146 559 3198 insolens
572 3166 579 3204 3
600 3147 639 3197 sed
654 3164 708 3197 cum
722 3164 780 3197 mox
797 3147 905 3213 sequatur
919 3152 1097 3265 bancpostm

232 3211 347 3261 sententia
361 3214 460 3261 minime
475 3211 569 3259 admitti
577 3212 661 3277 potest.
695 3218 751 3260 Hac
760 3212 850 3260 locutio
861 3215 967 3263 occurrit
993 3232 1051 3281 upm
1064 3214 1094 3265 m

234 3288 255 3321 r.
273 3290 337 3337 ep.9.
355 3274 391 3323 Ad
403 3275 508 3323 Atticum
518 3273 587 3327 sib.v.
606 3291 642 3340 ep.
651 3292 686 3330 17.
709 3282 778 3331 κως.
799 3290 899 3333 x11,11.
933 3280 968 3329 Et
984 3281 1057 3347 plane
1071 3278 1095 3327 'n

233 3339 315 3387 Gnaei.
331 3339 452 3407 Euripides
461 3337 583 3403 Hippolyt.
599 3338 636 3395 sss.
645 3348 696 3391 889.

537 3426 655 3441 -—-—
674 3404 701 3450 dr
718 3400 769 3458 inani
782 3418 840 3451 noni

507 3466 574 3527 'Apin
587 3463 680 3526 inim
693 3462 758 3527 apsis.
820 3470 918 3528 apen,
1052 3530 1071 3579 v

999 3536 1038 3592 4⁴·
1074 3538 1097 3575 ¹·
