2272 4020
235 180 295 248 3¹4
334 157 445 224 Enisa.
460 173 511 220 an
531 154 786 236 Torporem,
807 171 852 217 er
874 150 1031 227 enrrnos

135 296 161 341 ι,
234 271 388 329 existiment
415 266 468 326 else
488 278 546 334 tam
567 266 693 334 difficile,
713 262 791 342 quod
816 281 876 325 non
903 281 955 340 pro
981 278 1009 326 te
1033 270 1101 330 mihi

88 368 216 409 turem.
232 346 288 406 susc
355 364 401 416 m,
417 344 574 422 jucundum
589 341 620 401 fit
634 344 767 403 fitttu'um.
1024 354 1027 361 '

271 421 288 457 *
312 436 323 477 t
336 424 389 482 Au
400 444 416 481 τ
427 440 471 481 nn
490 416 617 479 misissem
631 418 666 477 ad
678 430 706 477 te
719 418 864 491 litterus‚sr
875 419 1100 496 genusscribendi

230 501 395 561 invenirem.
414 499 460 557 tali
474 498 550 557 enim
563 507 691 571 tempore
704 508 752 555 aut
764 495 897 555 consolari
911 539 920 567 ,
941 499 1097 559 amicorum

230 576 293 646 est,
311 589 359 636 aut
371 576 501 652 polliceri.
539 572 736 631 Consolatione
755 590 814 631 non
834 574 945 643 utebar,
965 573 1046 651 quod
1065 595 1098 637 ex

231 654 324 712 multis
349 653 518 721 audiebam,
551 648 637 726 quam
669 649 775 709 sortiter
800 648 988 727 sapienterque
1015 651 1098 712 ferrer

230 732 358 806 injuriam
372 741 551 802 temporum,
570 725 713 802 ququue
725 738 753 791 te
770 724 951 784 vehementer
973 728 1097 787 consola·

230 820 304 865 retur
330 804 510 864 conscientia·
530 802 667 860 saelorum
695 803 725 861 ὃ(
752 800 927 860 conllliorum
963 814 1094 865 tuorum:

230 882 308 960 quod
321 881 434 959 quidem
449 879 469 936 st
482 879 563 948 facis,
583 895 716 953 magnum
731 878 850 936 nudum
863 879 1017 939 studiorum
1026 882 1094 957 opti·

231 976 344 1018 morum
358 959 447 1032 capis,
466 956 495 1012 in
510 955 605 1031 quibus
618 966 646 1013 te
660 954 765 1029 semper
778 954 834 1015 scio
860 952 914 1014 elle
935 957 1091 1017 versatum:

228 1037 313 1111 idque
327 1045 357 1092 ut
370 1035 468 1100 facias,
488 1034 571 1094 etiam
583 1043 667 1107 atque
680 1032 764 1088 ctiam
777 1042 806 1089 te
819 1033 925 1090 hortor.
964 1032 1052 1092 Simul
1066 1037 1091 1094 &

226 1111 294 1169 illud
307 1111 356 1169 tibi
368 1109 505 1179 ,bomini
517 1108 675 1184 peritislimo
690 1124 780 1165 terum
796 1150 805 1177 ,
826 1110 856 1166 δε
876 1109 1090 1185 exemplorum,

228 1190 259 1246 dc
272 1187 363 1246 omnis
377 1184 530 1255 vetustatis,
550 1202 586 1242 ne
600 1183 781 1260 ipse'quidem
794 1184 884 1254 rudis,
902 1184 949 1243 sed
963 1185 993 1244 in
1006 1186 1090 1247 studio

228 1263 318 1329 minias
332 1258 464 1336 fortasse¹
483 1260 568 1338 quim
583 1261 708 1329 vellem,
727 1272 755 1317 at
778 1260 807 1318 in
827 1261 923 1330 rebus¹
941 1274 1027 1339 atque
1046 1263 1088 1323 usu

226 1336 540 1475 tumuitus
560 1335 1002 1489 substiliffliiidlsdili
1018 1340 1087 1475 ’dd

226 1492 303 1550 Nam
316 1493 346 1559 dc
357 1490 430 1566 ipse,
449 1491 497 1565 qui
510 1488 659 1565 plurimum
679 1488 767 1564 petest
782 1532 791 1558 ,
809 1491 936 1566 quotidie
956 1493 1027 1551 mihi
1045 1492 1087 1551 de·

224 1568 279 1626 labi
292 1567 327 1625 ad
339 1563 523 1645 'aequitatem,
542 1566 572 1624 ὃς
590 1566 627 1624 ad
646 1582 737 1623 return
765 1578 889 1625 naturam
917 1568 1041 1631 videtur:
1060 1571 1085 1627 δι

225 1643 281 1718 ipsa
295 1644 372 1702 causa
385 1660 417 1701 ea
431 1642 485 1712 est,
504 1654 535 1703 ut
545 1643 604 1717 jam
619 1640 697 1700 timul
719 1659 784 1703 cum
804 1661 833 1701 re
853 1642 961 1714 ublica,
981 1662 1045 1723 quae
1060 1646 1085 1705 in

225 1732 389 1797 perpetuum
413 1720 505 1796 jacere
532 1738 605 1785 non¹
618 1718 706 1793 potest
722 1761 731 1785 ,
750 1736 819 1777 nece
841 1718 898 1777 an'b
926 1722 1085 1791 reviviscat,

227 1808 310 1873 atque
323 1810 480 1863 recreetur:
502 1794 680 1872 quotidieque
694 1794 796 1870 aliquid
815 1794 846 1853 lit
866 1795 994 1868 ”lenium
1013 1796 1085 1857 &li-

224 1871 353 1942 beralitls,
373 1871 458 1949 quim
471 1872 642 1931 timebamus.
681 1872 756 1947 Quae
775 1872 910 1947 quoniam
930 1875 960 1936 in
982 1885 1085 1949 tempo

226 1967 289 2007 nrm
303 1949 521 2008 inclinationibus
534 1949 606 2022 saepe
619 1948 706 2023 parvis
720 1946 805 2021 posita
818 1947 894 2008 sunt:
916 1951 1017 2009 omnia
1030 1968 1084 2009 mo·

148 2032 151 2037 '
185 2028 188 2033 ’
225 2038 320 2085 menta
335 2024 556 2092 observabim1u3
577 2042 668 2100 neque
676 2024 768 2081 *ullum
788 2028 1033 2098 praetermittemus
1050 2027 1085 2087 ui

222 2101 339 2178 juvandi
366 2104 396 2159 &
416 2101 525 2159 levandi
537 2102 642 2158 locum.
681 2100 777 2176 ltaque
790 2098 856 2163 illud
869 2102 1084 2181 alterum,quod
1125 2164 1128 2169 ,

225 2179 298 2246 dixi,
315 2176 464 2235 litterarum
484 2193 593 2252 genus,
611 2177 737 2253 quotidie
758 2177 850 2245 mihi,
869 2190 900 2236 ut
919 2179 1002 2257 spero
1017 2224 1026 2250 ,
1045 2179 1085 2247 fiet
1125 2234 1128 2243 .

223 2253 251 2307 ⁶⁵
260 2253 406 2329 proclivius
423 2294 432 2321 ‚
451 2264 483 2310 ut
502 2253 585 2313 etiarn
605 2252 728 2329 polliceri
747 2253 855 2329 poffim.
880 2254 909 2313 id
930 2274 984 2335 re²
1004 2256 1083 2334 qulrn
1125 2262 1128 2269 '

128 2342 132 2347 '
1005 2334 1086 2395 verbu

253 2468 410 2517 *ANTEA
424 2465 576 2517 mififfemad
586 2469 705 2517 tolireras.
722 2473 750 2516 ln
768 2471 869 2516 Manutii
883 2471 909 2522 &¹
927 2472 1026 2519 aliorum
1040 2473 1083 2527 edd.

223 2535 258 2581 bic
271 2551 329 2579 nm
344 2531 430 2594 epistola
445 2535 534 2578 initium
543 2532 578 2591 cst.
611 2534 678 2598 Qud
690 2532 709 2591 fi
726 2549 757 2577 ros
768 2534 830 2596 sequi
841 2536 894 2588 vis,
910 2548 937 2579 ut
947 2553 984 2580 nos
996 2541 1020 2582 in
1031 2538 1083 2582 ordi·

223 2614 248 2641 ne
259 2595 314 2656 epist.
327 2594 463 2653 constituendo
474 2597 543 2655 semi
554 2597 628 2656 sumus
644 2629 651 2650 ,
667 2598 700 2640 ita
709 2595 800 2654 statuas.
821 2599 861 2650 [A.
869 2601 897 2644 V.
904 2599 934 2645 C.
953 2602 1085 2657 Decvlul

223 2663 293 2716 lianc
302 2655 411 2723 praceffit
421 2673 500 2725 epra.
516 2656 598 2709 librv.
615 2656 715 2723 sequitur
724 2672 760 2720 cp.
769 2673 790 2714 7.
807 2656 910 2719 ejusdem
919 2658 982 2711 libri.

255 2791 292 2837 σς.
310 2790 373 2829 uinre
383 2783 478 2844 mififfem
488 2785 518 2829 ad
526 2790 565 2841 re.]
579 2789 607 2833 ln
622 2783 717 2831 Venetis
726 2781 773 2830 hoc
784 2798 850 2831 nova:
860 2780 966 2848 epistolae
981 2784 1083 2841 initium,

222 2842 370 2909 inscriptae&
386 2844 426 2910 ipsi
442 2845 568 2895 Trebiano.
601 2847 746 2895 Eritacene
761 2844 857 2896 videtur.
890 2848 1033 2897 Confudere
1047 2862 1082 2897 au·

224 2921 274 2973 pem
296 2905 394 2965 diversas
410 2907 466 2972 sepe
486 2908 573 2957 librarii
588 2908 715 2973 epistolas,
741 2922 766 2956 ut
781 2924 810 2958 ex
824 2908 853 2957 iis
870 2924 921 2975 que
933 2911 965 2960 ad
980 2914 1082 2963 atticum

224 2966 296 3019 nriss'ae
306 2969 356 3023 sunt
371 3004 379 3026 ‚
395 2970 518 3021 manifeste
529 2986 629 3036 apparet.
665 2979 768 3022 eanierar.

255 3042 291 3092 64.
308 3030 516 3094 Istm'acerbitatem
525 3038 551 3086 dy
564 3038 669 3091 injurium
683 3054 722 3081 nou
733 3033 833 3080 u‘ururni
841 3034 909 3094 fore]
925 3038 963 3085 sic
975 3038 1033 3085 eall.
1049 3052 1079 3103 pr.

221 3109 274 3151 terr.
282 3099 349 3146 Grut.
355 3095 463 3148 stewech.
472 3098 545 3147 varic.
552 3098 627 3161 prima
632 3096 704 3147 editio
715 3111 741 3145 uc
747 3097 851 3149 Vistori'n
868 3099 943 3167 uulgo
954 3102 1080 3148 acerbitatem
1125 3148 1128 3161 ,

220 3160 439 3221 zstamffinjuriam
448 3178 488 3206 uon
497 3163 622 3207 diuturnam
630 3160 686 3219 fore.
719 3158 838 3213 Gebhard.
1125 3172 1128 3243 Ι

253 3231 290 3279 ες,
305 3226 447 3281 Freedman]
459 3223 570 3272 Facilius:
587 3225 642 3287 quia
651 3238 691 3287 per
709 3224 783 3279 clivos
798 3221 867 3270 facile
884 3221 1037 3275 descenditur.
1051 3222 1079 3273 lit

221 3280 269 3333 Off.
284 3284 325 3343 ub.
332 3301 364 3335 11.
380 3290 450 3333 Distu
460 3289 546 3345 quidem
560 3286 589 3345 est
599 3290 702 3350 proclive.
729 3288 754 3335 δι
768 3288 793 3334 in
808 3286 901 3335 Laelio:
919 3292 1037 3335 Amicitia
1050 3304 1078 3335 re·
1125 3286 1128 3293 '

219 3346 298 3406 miffior
307 3349 343 3407 ff
352 3349 422 3406 debet,
438 3352 463 3401 dy
475 3351 504 3396 nd
519 3367 599 3396 omnem
609 3354 727 3396 comitatem
733 3349 865 3407 facilitatem
881 3366 907 3397 ue
913 3353 1039 3412 proclivior.
1053 3354 1078 3397 ln

180 3409 183 3416 ¹
219 3408 350 3458 Tusculana
360 3424 440 3461 tamen
451 3425 553 3475 quarta:
570 3417 649 3459 Haecin
659 3414 717 3459 boiis
728 3413 799 3468 rebus,
814 3428 854 3475 quo
885 3414 930 3459 alii
945 3416 976 3460 ad
990 3412 1075 3461 ali'alr
1123 3414 1127 3498 q

219 3490 248 3519 na
259 3476 311 3533 sunt
321 3478 425 3535 aptiores,
437 3476 536 3533 facilitas
547 3479 680 3541 nominetur}
696 3479 720 3524 iu
729 3476 973 3545 maiis,proc1iviias;
990 3476 1075 3536 urfigm'·
1121 3502 1126 3539 p

213 3535 264 3601 ficet
280 3538 397 3603 lapsorum.
430 3541 563 3597 PiManut,
762 3544 766 3555 ¹
918 3546 959 3597 ⁶⁶2
974 3538 1077 3597 Msl'ssi
1121 3550 1124 3555 ’

920 3614 941 3653 Ι
