<?xml version="1.0" encoding="UTF-8"?>
<!DOCTYPE html PUBLIC "-//W3C//DTD XHTML 1.0 Transitional//EN"
    "http://www.w3.org/TR/xhtml1/DTD/xhtml1-transitional.dtd">
<html xmlns="http://www.w3.org/1999/xhtml" xml:lang="en" lang="en">
 <head>
  <title>
</title>
<meta http-equiv="Content-Type" content="text/html;charset=utf-8" />
  <meta name='ocr-system' content='tesseract 3.04.00' />
  <meta name='ocr-capabilities' content='ocr_page ocr_carea ocr_par ocr_line ocrx_word'/>
</head>
<body>
  <div class='ocr_page' id='page_1' title='image "./marcitulliicice06pedigoog_0105.png"; bbox 0 0 2272 4020; ppageno 0'>
   <div class='ocr_carea' id='block_1_1' title="bbox 93 343 159 389">
    <p class='ocr_par' dir='ltr' id='par_1_1' title="bbox 93 343 159 389">
     <span class='ocr_line' id='line_1_1' title="bbox 93 343 159 389; baseline -0.015 0"><span class='ocrx_word' id='word_1_1' title='bbox 93 343 118 389; x_wconf 67' lang='grc' dir='ltr'>Υ.</span> <span class='ocrx_word' id='word_1_2' title='bbox 134 343 159 388; x_wconf 79' lang='lat'>13.</span> 
     </span>
    </p>
   </div>
   <div class='ocr_carea' id='block_1_2' title="bbox 207 139 982 235">
    <p class='ocr_par' dir='ltr' id='par_1_2' title="bbox 207 139 982 235">
     <span class='ocr_line' id='line_1_2' title="bbox 207 139 982 235; baseline 0 -24"><span class='ocrx_word' id='word_1_3' title='bbox 207 166 247 232; x_wconf 76' lang='lat'>92</span> <span class='ocrx_word' id='word_1_4' title='bbox 322 144 432 212; x_wconf 78' lang='lat' dir='ltr'>Errsr.</span> <span class='ocrx_word' id='word_1_5' title='bbox 453 161 512 235; x_wconf 59' lang='lat' dir='ltr'>an,</span> <span class='ocrx_word' id='word_1_6' title='bbox 525 142 564 207; x_wconf 87' lang='lat' dir='ltr'>C.</span> <span class='ocrx_word' id='word_1_7' title='bbox 585 139 793 219; x_wconf 73' lang='lat' dir='ltr'>cuntorum,</span> <span class='ocrx_word' id='word_1_8' title='bbox 813 158 982 212; x_wconf 76' lang='lat' dir='ltr'>uir-Atros</span> 
     </span>
    </p>
   </div>
   <div class='ocr_carea' id='block_1_3' title="bbox 202 251 1043 711">
    <p class='ocr_par' dir='ltr' id='par_1_3' title="bbox 202 251 1043 711">
     <span class='ocr_line' id='line_1_3' title="bbox 203 251 1042 325; baseline 0.001 -10"><span class='ocrx_word' id='word_1_9' title='bbox 203 253 267 315; x_wconf 72' lang='lat' dir='ltr'>leste</span> <span class='ocrx_word' id='word_1_10' title='bbox 282 256 360 324; x_wconf 86' lang='lat' dir='ltr'>fero,</span> <span class='ocrx_word' id='word_1_11' title='bbox 378 255 446 315; x_wconf 83' lang='lat' dir='ltr'>nihil</span> <span class='ocrx_word' id='word_1_12' title='bbox 459 273 505 314; x_wconf 89' lang='lat' dir='ltr'>me</span> <span class='ocrx_word' id='word_1_13' title='bbox 518 254 608 325; x_wconf 73' lang='lat' dir='ltr'>adhue</span> <span class='ocrx_word' id='word_1_14' title='bbox 626 255 668 312; x_wconf 89' lang='lat' dir='ltr'>his</span> <span class='ocrx_word' id='word_1_15' title='bbox 689 251 723 310; x_wconf 89' lang='lat' dir='ltr'>de</span> <span class='ocrx_word' id='word_1_16' title='bbox 743 251 820 310; x_wconf 86' lang='lat' dir='ltr'>rebus</span> <span class='ocrx_word' id='word_1_17' title='bbox 841 252 940 313; x_wconf 88' lang='lat' dir='ltr'>habere</span> <span class='ocrx_word' id='word_1_18' title='bbox 960 267 1042 317; x_wconf 84' lang='lat' dir='ltr'>tuaru</span> 
     </span>
     <span class='ocr_line' id='line_1_4' title="bbox 202 328 1043 409; baseline 0.006 -22"><span class='ocrx_word' id='word_1_19' title='bbox 202 330 360 390; x_wconf 88' lang='lat' dir='ltr'>litterarum.</span> <span class='ocrx_word' id='word_1_20' title='bbox 387 335 481 408; x_wconf 85' lang='lat' dir='ltr'><strong>Quare</strong></span> <span class='ocrx_word' id='word_1_21' title='bbox 495 329 559 399; x_wconf 79' lang='lat' dir='ltr'>etsi,</span> <span class='ocrx_word' id='word_1_22' title='bbox 579 328 643 388; x_wconf 84' lang='lat' dir='ltr'>clun</span> <span class='ocrx_word' id='word_1_23' title='bbox 657 341 688 387; x_wconf 88' lang='lat' dir='ltr'>tu</span> <span class='ocrx_word' id='word_1_24' title='bbox 700 329 762 409; x_wconf 77' lang='lat' dir='ltr'>haec</span> <span class='ocrx_word' id='word_1_25' title='bbox 774 328 864 403; x_wconf 83' lang='lat' dir='ltr'>leges,</span> <span class='ocrx_word' id='word_1_26' title='bbox 884 347 938 405; x_wconf 83' lang='lat' dir='ltr'>ego</span> <span class='ocrx_word' id='word_1_27' title='bbox 949 331 1011 406; x_wconf 85' lang='lat' dir='ltr'>jam</span> <span class='ocrx_word' id='word_1_28' title='bbox 1026 351 1043 393; x_wconf 85' lang='lat' dir='ltr'>a</span> 
     </span>
     <span class='ocr_line' id='line_1_5' title="bbox 204 403 1042 469; baseline 0.005 -4"><span class='ocrx_word' id='word_1_29' title='bbox 204 424 292 465; x_wconf 90' lang='lat' dir='ltr'>nuum</span> <span class='ocrx_word' id='word_1_30' title='bbox 307 421 408 467; x_wconf 88' lang='lat' dir='ltr'>munus</span> <span class='ocrx_word' id='word_1_31' title='bbox 421 408 570 467; x_wconf 85' lang='lat' dir='ltr'>confecero</span> <span class='ocrx_word' id='word_1_32' title='bbox 585 427 593 465; x_wconf 74' lang='grc' dir='ltr'><strong><em>ε</em></strong></span> <span class='ocrx_word' id='word_1_33' title='bbox 613 419 707 464; x_wconf 87' lang='lat' dir='ltr'>tamen</span> <span class='ocrx_word' id='word_1_34' title='bbox 721 403 813 462; x_wconf 86' lang='lat' dir='ltr'>obviae</span> <span class='ocrx_word' id='word_1_35' title='bbox 833 405 903 466; x_wconf 86' lang='lat' dir='ltr'>mibi</span> <span class='ocrx_word' id='word_1_36' title='bbox 922 407 1042 469; x_wconf 86' lang='lat' dir='ltr'>velimfi</span> 
     </span>
     <span class='ocr_line' id='line_1_6' title="bbox 202 479 1042 561; baseline 0.006 -21"><span class='ocrx_word' id='word_1_37' title='bbox 202 482 301 541; x_wconf 82' lang='lat' dir='ltr'>litterae</span> <span class='ocrx_word' id='word_1_38' title='bbox 314 495 394 554; x_wconf 87' lang='lat' dir='ltr'>tuae,</span> <span class='ocrx_word' id='word_1_39' title='bbox 414 502 478 561; x_wconf 84' lang='lat' dir='ltr'>quae</span> <span class='ocrx_word' id='word_1_40' title='bbox 498 499 544 540; x_wconf 88' lang='lat' dir='ltr'>me</span> <span class='ocrx_word' id='word_1_41' title='bbox 559 481 683 542; x_wconf 87' lang='lat' dir='ltr'>erudiant</span> <span class='ocrx_word' id='word_1_42' title='bbox 703 479 738 539; x_wconf 91' lang='lat' dir='ltr'>de</span> <span class='ocrx_word' id='word_1_43' title='bbox 758 482 838 540; x_wconf 88' lang='lat' dir='ltr'>omni</span> <span class='ocrx_word' id='word_1_44' title='bbox 857 480 1020 557; x_wconf 88' lang='lat' dir='ltr'>republica,</span> <span class='ocrx_word' id='word_1_45' title='bbox 1039 506 1042 545; x_wconf 75' lang='grc' dir='ltr'>ε</span> 
     </span>
     <span class='ocr_line' id='line_1_7' title="bbox 204 555 1042 635; baseline 0.006 -19"><span class='ocrx_word' id='word_1_46' title='bbox 204 557 300 635; x_wconf 83' lang='lat' dir='ltr'>hospes</span> <span class='ocrx_word' id='word_1_47' title='bbox 313 559 392 635; x_wconf 68' lang='lat' dir='ltr'>plane</span> <span class='ocrx_word' id='word_1_48' title='bbox 407 560 524 618; x_wconf 84' lang='lat' dir='ltr'>veniam.</span> <span class='ocrx_word' id='word_1_49' title='bbox 544 559 599 618; x_wconf 90' lang='lat' dir='ltr'>hoc</span> <span class='ocrx_word' id='word_1_50' title='bbox 614 555 726 626; x_wconf 76' lang='lat' dir='ltr'>melius,</span> <span class='ocrx_word' id='word_1_51' title='bbox 746 555 832 634; x_wconf 78' lang='lat' dir='ltr'>quam</span> <span class='ocrx_word' id='word_1_52' title='bbox 845 569 877 616; x_wconf 89' lang='lat' dir='ltr'>tu</span> <span class='ocrx_word' id='word_1_53' title='bbox 891 600 900 627; x_wconf 94' lang='lat'>,</span> <span class='ocrx_word' id='word_1_54' title='bbox 920 559 1042 621; x_wconf 86' lang='lat' dir='ltr'>facereu</span> 
     </span>
     <span class='ocr_line' id='line_1_8' title="bbox 205 632 1042 711; baseline -0.006 -19"><span class='ocrx_word' id='word_1_55' title='bbox 205 651 255 693; x_wconf 91' lang='lat' dir='ltr'>mo</span> <span class='ocrx_word' id='word_1_56' title='bbox 269 635 365 711; x_wconf 88' lang='lat' dir='ltr'>potest.</span> <span class='ocrx_word' id='word_1_57' title='bbox 403 637 544 711; x_wconf 85' lang='lat' dir='ltr'>Diogenes</span> <span class='ocrx_word' id='word_1_58' title='bbox 557 647 619 694; x_wconf 88' lang='lat' dir='ltr'>tuus</span> <span class='ocrx_word' id='word_1_59' title='bbox 634 678 642 704; x_wconf 92' lang='lat'>,</span> <span class='ocrx_word' id='word_1_60' title='bbox 660 635 751 692; x_wconf 89' lang='lat' dir='ltr'>homo</span> <span class='ocrx_word' id='word_1_61' title='bbox 772 632 932 704; x_wconf 88' lang='lat' dir='ltr'>modestus,</span> <span class='ocrx_word' id='word_1_62' title='bbox 952 635 1007 695; x_wconf 65' lang='lat' dir='ltr'>rr‘a</span> <span class='ocrx_word' id='word_1_63' title='bbox 1028 655 1042 698; x_wconf 73' lang='lat' dir='ltr'>n</span> 
     </span>
    </p>
   </div>
   <div class='ocr_carea' id='block_1_4' title="bbox 56 699 1042 777">
    <p class='ocr_par' dir='ltr' id='par_1_4' title="bbox 56 699 1042 777">
     <span class='ocr_line' id='line_1_9' title="bbox 56 699 1042 777; baseline 0.005 -13"><span class='ocrx_word' id='word_1_64' title='bbox 56 699 271 777; x_wconf 43' lang='lat' dir='ltr'>&amp;Adiatucum</span> <span class='ocrx_word' id='word_1_65' title='bbox 291 712 406 771; x_wconf 86' lang='lat' dir='ltr'>Philone</span> <span class='ocrx_word' id='word_1_66' title='bbox 432 712 588 772; x_wconf 77' lang='lat' dir='ltr'>Pessinunte</span> <span class='ocrx_word' id='word_1_67' title='bbox 615 709 734 770; x_wconf 88' lang='lat' dir='ltr'>disceffit.</span> <span class='ocrx_word' id='word_1_68' title='bbox 761 708 790 763; x_wconf 84' lang='lat'>⁷⁶</span> <span class='ocrx_word' id='word_1_69' title='bbox 798 711 849 768; x_wconf 88' lang='lat' dir='ltr'>iter</span> <span class='ocrx_word' id='word_1_70' title='bbox 874 709 1012 772; x_wconf 86' lang='lat' dir='ltr'>habebant</span> <span class='ocrx_word' id='word_1_71' title='bbox 1040 737 1042 769; x_wconf 85' lang='grc' dir='ltr'>ι</span> 
     </span>
    </p>
   </div>
   <div class='ocr_carea' id='block_1_5' title="bbox 55 779 144 876">
    <p class='ocr_par' dir='ltr' id='par_1_5' title="bbox 55 779 144 876">
     <span class='ocr_line' id='line_1_10' title="bbox 55 779 131 829; baseline 0 -15"><span class='ocrx_word' id='word_1_72' title='bbox 55 779 131 829; x_wconf 84' lang='lat' dir='ltr'>ngem</span> 
     </span>
     <span class='ocr_line' id='line_1_11' title="bbox 57 832 144 876; baseline 0.011 -1"><span class='ocrx_word' id='word_1_73' title='bbox 57 832 144 876; x_wconf 68' lang='lat' dir='ltr'>Manus.</span> 
     </span>
    </p>
   </div>
   <div class='ocr_carea' id='block_1_6' title="bbox 207 785 1041 865">
    <p class='ocr_par' dir='ltr' id='par_1_6' title="bbox 207 785 1041 865">
     <span class='ocr_line' id='line_1_12' title="bbox 207 785 1041 865; baseline 0.005 -21"><span class='ocrx_word' id='word_1_74' title='bbox 207 787 391 862; x_wconf 84' lang='lat' dir='ltr'>²Dej0tarum</span> <span class='ocrx_word' id='word_1_75' title='bbox 411 805 527 864; x_wconf 85' lang='lat' dir='ltr'>regem:</span> <span class='ocrx_word' id='word_1_76' title='bbox 555 785 725 865; x_wconf 88' lang='lat' dir='ltr'>q&#39;uamquam</span> <span class='ocrx_word' id='word_1_77' title='bbox 747 786 842 844; x_wconf 82' lang='lat' dir='ltr'>omnia</span> <span class='ocrx_word' id='word_1_78' title='bbox 862 802 916 845; x_wconf 87' lang='lat' dir='ltr'>nec</span> <span class='ocrx_word' id='word_1_79' title='bbox 936 787 1041 864; x_wconf 84' lang='lat' dir='ltr'>benign</span> 
     </span>
    </p>
   </div>
   <div class='ocr_carea' id='block_1_7' title="bbox 55 861 1042 940">
    <p class='ocr_par' dir='ltr' id='par_1_7' title="bbox 55 861 1042 940">
     <span class='ocr_line' id='line_1_13' title="bbox 55 861 1042 940; baseline 0.02 -24"><span class='ocrx_word' id='word_1_80' title='bbox 55 888 164 939; x_wconf 77' lang='lat' dir='ltr'>afacilia</span> <span class='ocrx_word' id='word_1_81' title='bbox 207 879 260 921; x_wconf 89' lang='lat' dir='ltr'>nec</span> <span class='ocrx_word' id='word_1_82' title='bbox 275 864 402 940; x_wconf 75' lang='lat' dir='ltr'>³copi0sa</span> <span class='ocrx_word' id='word_1_83' title='bbox 417 877 576 939; x_wconf 82' lang='lat' dir='ltr'>cognorant.</span> <span class='ocrx_word' id='word_1_84' title='bbox 596 875 625 918; x_wconf 88' lang='lat'>77</span> <span class='ocrx_word' id='word_1_85' title='bbox 634 863 758 931; x_wconf 86' lang='lat' dir='ltr'>Urbem,</span> <span class='ocrx_word' id='word_1_86' title='bbox 777 861 898 931; x_wconf 66' lang='lat' dir='ltr'>urbem,</span> <span class='ocrx_word' id='word_1_87' title='bbox 919 863 961 922; x_wconf 67' lang='lat' dir='ltr'>mi</span> <span class='ocrx_word' id='word_1_88' title='bbox 981 865 1042 925; x_wconf 75' lang='lat' dir='ltr'>Rus</span> 
     </span>
    </p>
   </div>
   <div class='ocr_carea' id='block_1_8' title="bbox 56 955 124 1002">
    <p class='ocr_par' dir='ltr' id='par_1_8' title="bbox 56 955 124 1002">
     <span class='ocr_line' id='line_1_14' title="bbox 56 955 124 1002; baseline 0.029 -2"><span class='ocrx_word' id='word_1_89' title='bbox 56 955 124 1002; x_wconf 71' lang='lat' dir='ltr'>MSS.</span> 
     </span>
    </p>
   </div>
   <div class='ocr_carea' id='block_1_9' title="bbox 55 1317 162 1430">
    <p class='ocr_par' dir='ltr' id='par_1_9' title="bbox 55 1317 162 1430">
     <span class='ocr_line' id='line_1_15' title="bbox 55 1317 162 1370; baseline -0.009 -1"><span class='ocrx_word' id='word_1_90' title='bbox 55 1320 72 1369; x_wconf 87' lang='lat' dir='ltr'>b</span> <span class='ocrx_word' id='word_1_91' title='bbox 87 1317 162 1370; x_wconf 76' lang='lat' dir='ltr'>vestro</span> 
     </span>
     <span class='ocr_line' id='line_1_16' title="bbox 57 1383 109 1430; baseline 0 0"><span class='ocrx_word' id='word_1_92' title='bbox 57 1383 109 1430; x_wconf 80' lang='lat' dir='ltr'>MS.</span> 
     </span>
    </p>
   </div>
   <div class='ocr_carea' id='block_1_10' title="bbox 201 939 1042 1535">
    <p class='ocr_par' dir='ltr' id='par_1_10' title="bbox 201 939 1042 1472">
     <span class='ocr_line' id='line_1_17' title="bbox 206 939 1042 1020; baseline 0.006 -24"><span class='ocrx_word' id='word_1_93' title='bbox 206 939 284 1009; x_wconf 90' lang='lat' dir='ltr'>cole,</span> <span class='ocrx_word' id='word_1_94' title='bbox 305 941 334 999; x_wconf 86' lang='lat'>&amp;</span> <span class='ocrx_word' id='word_1_95' title='bbox 348 940 377 998; x_wconf 90' lang='lat' dir='ltr'>in</span> <span class='ocrx_word' id='word_1_96' title='bbox 397 939 442 998; x_wconf 88' lang='lat' dir='ltr'>ista</span> <span class='ocrx_word' id='word_1_97' title='bbox 462 940 524 998; x_wconf 92' lang='lat' dir='ltr'>luce</span> <span class='ocrx_word' id='word_1_98' title='bbox 545 941 617 999; x_wconf 88' lang='lat' dir='ltr'>vive.</span> <span class='ocrx_word' id='word_1_99' title='bbox 657 939 757 998; x_wconf 89' lang='lat' dir='ltr'>Omnis</span> <span class='ocrx_word' id='word_1_100' title='bbox 778 956 842 1012; x_wconf 85' lang='lat' dir='ltr'>pere</span> <span class='ocrx_word' id='word_1_101' title='bbox 862 940 961 1001; x_wconf 86' lang='lat' dir='ltr'>rinatio</span> <span class='ocrx_word' id='word_1_102' title='bbox 983 940 1042 1020; x_wconf 83' lang='lat' dir='ltr'>(qur</span> 
     </span>
     <span class='ocr_line' id='line_1_18' title="bbox 206 1014 1042 1090; baseline 0.006 -18"><span class='ocrx_word' id='word_1_103' title='bbox 206 1032 259 1090; x_wconf 85' lang='lat' dir='ltr'>ego</span> <span class='ocrx_word' id='word_1_104' title='bbox 280 1015 313 1074; x_wconf 88' lang='lat' dir='ltr'>ab</span> <span class='ocrx_word' id='word_1_105' title='bbox 332 1015 512 1075; x_wconf 78' lang='lat' dir='ltr'>adolescentia</span> <span class='ocrx_word' id='word_1_106' title='bbox 534 1015 677 1090; x_wconf 67' lang='lat' dir='ltr'>judicavi)</span> <span class='ocrx_word' id='word_1_107' title='bbox 700 1014 812 1089; x_wconf 86' lang='lat' dir='ltr'>obscura</span> <span class='ocrx_word' id='word_1_108' title='bbox 887 1015 995 1075; x_wconf 87' lang='lat' dir='ltr'>sordida</span> <span class='ocrx_word' id='word_1_109' title='bbox 1017 1018 1042 1077; x_wconf 79' lang='lat' dir='ltr'>iu</span> 
     </span>
     <span class='ocr_line' id='line_1_19' title="bbox 201 1087 1042 1168; baseline 0.006 -19"><span class='ocrx_word' id='word_1_110' title='bbox 201 1109 321 1167; x_wconf 88' lang='lat' dir='ltr'>quorum</span> <span class='ocrx_word' id='word_1_111' title='bbox 334 1090 459 1151; x_wconf 85' lang='lat' dir='ltr'>industria</span> <span class='ocrx_word' id='word_1_112' title='bbox 473 1094 577 1150; x_wconf 81' lang='lat' dir='ltr'>Romae</span> <span class='ocrx_word' id='word_1_113' title='bbox 589 1091 677 1167; x_wconf 89' lang='lat' dir='ltr'>potest</span> <span class='ocrx_word' id='word_1_114' title='bbox 689 1089 790 1150; x_wconf 83' lang='lat' dir='ltr'>illustris</span> <span class='ocrx_word' id='word_1_115' title='bbox 804 1087 865 1151; x_wconf 82' lang='lat' dir='ltr'>esse.</span> <span class='ocrx_word' id='word_1_116' title='bbox 904 1092 995 1168; x_wconf 91' lang='lat' dir='ltr'>Quod</span> <span class='ocrx_word' id='word_1_117' title='bbox 1009 1093 1042 1153; x_wconf 80' lang='lat' dir='ltr'>ch</span> 
     </span>
     <span class='ocr_line' id='line_1_20' title="bbox 202 1164 1042 1242; baseline 0.006 -18"><span class='ocrx_word' id='word_1_118' title='bbox 202 1167 286 1241; x_wconf 76' lang='lat' dir='ltr'>probe</span> <span class='ocrx_word' id='word_1_119' title='bbox 299 1168 412 1237; x_wconf 90' lang='lat' dir='ltr'>scirem,</span> <span class='ocrx_word' id='word_1_120' title='bbox 432 1169 536 1228; x_wconf 90' lang='lat' dir='ltr'>utinam</span> <span class='ocrx_word' id='word_1_121' title='bbox 551 1171 580 1227; x_wconf 94' lang='lat' dir='ltr'>in</span> <span class='ocrx_word' id='word_1_122' title='bbox 593 1168 724 1227; x_wconf 89' lang='lat' dir='ltr'>sententia</span> <span class='ocrx_word' id='word_1_123' title='bbox 742 1164 945 1242; x_wconf 78' lang='lat' dir='ltr'>permansissem</span> <span class='ocrx_word' id='word_1_124' title='bbox 961 1173 968 1225; x_wconf 87' lang='lat' dir='ltr'>l</span> <span class='ocrx_word' id='word_1_125' title='bbox 996 1170 1042 1229; x_wconf 92' lang='lat' dir='ltr'>Cu</span> 
     </span>
     <span class='ocr_line' id='line_1_21' title="bbox 203 1243 1042 1319; baseline 0.01 -20"><span class='ocrx_word' id='word_1_126' title='bbox 203 1259 258 1300; x_wconf 83' lang='lat' dir='ltr'>una</span> <span class='ocrx_word' id='word_1_127' title='bbox 278 1245 435 1302; x_wconf 83' lang='lat' dir='ltr'>mehercule</span> <span class='ocrx_word' id='word_1_128' title='bbox 462 1245 714 1312; x_wconf 76' lang='lat' dir='ltr'>ambulatiuncula,</span> <span class='ocrx_word' id='word_1_129' title='bbox 748 1254 829 1319; x_wconf 86' lang='lat' dir='ltr'>atque</span> <span class='ocrx_word' id='word_1_130' title='bbox 856 1262 915 1303; x_wconf 90' lang='lat' dir='ltr'>uno</span> <span class='ocrx_word' id='word_1_131' title='bbox 943 1243 1042 1314; x_wconf 81' lang='lat' dir='ltr'>sermm</span> 
     </span>
     <span class='ocr_line' id='line_1_22' title="bbox 203 1317 1042 1397; baseline 0.006 -21"><span class='ocrx_word' id='word_1_132' title='bbox 203 1317 333 1389; x_wconf 76' lang='lat' dir='ltr'>bnnstm,</span> <span class='ocrx_word' id='word_1_133' title='bbox 353 1338 451 1379; x_wconf 89' lang='lat' dir='ltr'>ornnes</span> <span class='ocrx_word' id='word_1_134' title='bbox 465 1321 566 1379; x_wconf 74' lang='lat' dir='ltr'>studius</span> <span class='ocrx_word' id='word_1_135' title='bbox 580 1321 731 1396; x_wconf 81' lang='lat' dir='ltr'>provinciae</span> <span class='ocrx_word' id='word_1_136' title='bbox 745 1337 804 1379; x_wconf 91' lang='lat' dir='ltr'>non</span> <span class='ocrx_word' id='word_1_137' title='bbox 825 1321 950 1379; x_wconf 84' lang='lat' dir='ltr'>confero</span> <span class='ocrx_word' id='word_1_138' title='bbox 984 1322 1042 1397; x_wconf 85' lang='lat' dir='ltr'>Sper</span> 
     </span>
     <span class='ocr_line' id='line_1_23' title="bbox 201 1394 1042 1472; baseline 0.002 -18"><span class='ocrx_word' id='word_1_139' title='bbox 201 1411 247 1454; x_wconf 88' lang='lat' dir='ltr'>me</span> <span class='ocrx_word' id='word_1_140' title='bbox 262 1394 291 1450; x_wconf 79' lang='lat'>78</span> <span class='ocrx_word' id='word_1_141' title='bbox 299 1397 456 1472; x_wconf 83' lang='lat' dir='ltr'>integritatis</span> <span class='ocrx_word' id='word_1_142' title='bbox 468 1396 579 1457; x_wconf 88' lang='lat' dir='ltr'>laudem</span> <span class='ocrx_word' id='word_1_143' title='bbox 593 1396 779 1456; x_wconf 85' lang='lat' dir='ltr'>consecutum.</span> <span class='ocrx_word' id='word_1_144' title='bbox 799 1405 828 1450; x_wconf 87' lang='lat'>79</span> <span class='ocrx_word' id='word_1_145' title='bbox 835 1415 894 1456; x_wconf 89' lang='lat' dir='ltr'>non</span> <span class='ocrx_word' id='word_1_146' title='bbox 908 1408 967 1456; x_wconf 83' lang='lat' dir='ltr'>erat</span> <span class='ocrx_word' id='word_1_147' title='bbox 977 1400 1042 1459; x_wconf 72' lang='lat' dir='ltr'>ruint</span> 
     </span>
    </p>

    <p class='ocr_par' dir='ltr' id='par_1_11' title="bbox 1033 1492 1042 1535">
     <span class='ocr_line' id='line_1_24' title="bbox 1033 1492 1042 1535; baseline 0 0"><span class='ocrx_word' id='word_1_148' title='bbox 1033 1492 1042 1535; x_wconf 85' lang='lat' dir='ltr'>r</span> 
     </span>
    </p>
   </div>
   <div class='ocr_carea' id='block_1_11' title="bbox 202 1624 1042 2196">
    <p class='ocr_par' dir='ltr' id='par_1_12' title="bbox 202 1624 1042 1946">
     <span class='ocr_line' id='line_1_25' title="bbox 232 1624 1042 1694; baseline 0.002 -16"><span class='ocrx_word' id='word_1_149' title='bbox 232 1644 246 1685; x_wconf 87' lang='lat'>7</span> <span class='ocrx_word' id='word_1_150' title='bbox 249 1644 269 1686; x_wconf 86' lang='lat'>5·</span> <span class='ocrx_word' id='word_1_151' title='bbox 288 1634 318 1678; x_wconf 62' lang='lat' dir='ltr'><em>A</em></span> <span class='ocrx_word' id='word_1_152' title='bbox 328 1647 360 1677; x_wconf 85' lang='lat' dir='ltr'>me</span> <span class='ocrx_word' id='word_1_153' title='bbox 370 1647 418 1678; x_wconf 83' lang='lat' dir='ltr'>cum</span> <span class='ocrx_word' id='word_1_154' title='bbox 428 1633 515 1679; x_wconf 75' lang='lat' dir='ltr'>Philone</span> <span class='ocrx_word' id='word_1_155' title='bbox 525 1629 638 1693; x_wconf 77' lang='lat' dir='ltr'>Peffinunte</span> <span class='ocrx_word' id='word_1_156' title='bbox 653 1629 757 1692; x_wconf 53' lang='lat' dir='ltr'>drfceffirq</span> <span class='ocrx_word' id='word_1_157' title='bbox 779 1630 801 1678; x_wconf 87' lang='lat' dir='ltr'>Si</span> <span class='ocrx_word' id='word_1_158' title='bbox 811 1628 909 1694; x_wconf 81' lang='lat' dir='ltr'>colligas</span> <span class='ocrx_word' id='word_1_159' title='bbox 925 1627 1003 1687; x_wconf 70' lang='lat' dir='ltr'>reste,</span> <span class='ocrx_word' id='word_1_160' title='bbox 1018 1624 1042 1681; x_wconf 75' lang='lat' dir='ltr'>Pr</span> 
     </span>
     <span class='ocr_line' id='line_1_26' title="bbox 202 1688 1042 1759; baseline 0.004 -20"><span class='ocrx_word' id='word_1_161' title='bbox 202 1689 264 1740; x_wconf 87' lang='lat' dir='ltr'>smus</span> <span class='ocrx_word' id='word_1_162' title='bbox 275 1691 327 1740; x_wconf 89' lang='lat' dir='ltr'>urbs</span> <span class='ocrx_word' id='word_1_163' title='bbox 339 1709 389 1740; x_wconf 88' lang='lat' dir='ltr'>non</span> <span class='ocrx_word' id='word_1_164' title='bbox 399 1696 474 1759; x_wconf 84' lang='lat' dir='ltr'>potuit</span> <span class='ocrx_word' id='word_1_165' title='bbox 487 1691 553 1751; x_wconf 70' lang='lat' dir='ltr'>fuisse</span> <span class='ocrx_word' id='word_1_166' title='bbox 563 1709 615 1758; x_wconf 87' lang='lat' dir='ltr'>pars</span> <span class='ocrx_word' id='word_1_167' title='bbox 648 1695 755 1742; x_wconf 82' lang='lat' dir='ltr'>rovinciae</span> <span class='ocrx_word' id='word_1_168' title='bbox 771 1693 903 1749; x_wconf 78' lang='lat' dir='ltr'>Tullianae,</span> <span class='ocrx_word' id='word_1_169' title='bbox 926 1706 998 1757; x_wconf 87' lang='lat' dir='ltr'>atque</span> <span class='ocrx_word' id='word_1_170' title='bbox 1013 1688 1042 1743; x_wconf 80' lang='lat' dir='ltr'>idr</span> 
     </span>
     <span class='ocr_line' id='line_1_27' title="bbox 203 1709 1042 1822; baseline 0.002 -19"><span class='ocrx_word' id='word_1_171' title='bbox 203 1769 247 1803; x_wconf 87' lang='lat' dir='ltr'>nec</span> <span class='ocrx_word' id='word_1_172' title='bbox 257 1755 347 1802; x_wconf 83' lang='lat' dir='ltr'>Tullius</span> <span class='ocrx_word' id='word_1_173' title='bbox 357 1755 412 1804; x_wconf 91' lang='lat' dir='ltr'>inde</span> <span class='ocrx_word' id='word_1_174' title='bbox 424 1759 557 1822; x_wconf 85' lang='lat' dir='ltr'>Diogenem</span> <span class='ocrx_word' id='word_1_175' title='bbox 568 1772 582 1815; x_wconf 75' lang='lat' dir='ltr'>a</span> <span class='ocrx_word' id='word_1_176' title='bbox 592 1756 614 1804; x_wconf 93' lang='lat' dir='ltr'>se</span> <span class='ocrx_word' id='word_1_177' title='bbox 625 1709 756 1812; x_wconf 70' lang='lat' dir='ltr'>dimittere3</span> <span class='ocrx_word' id='word_1_178' title='bbox 773 1767 798 1803; x_wconf 86' lang='lat' dir='ltr'>ut</span> <span class='ocrx_word' id='word_1_179' title='bbox 814 1756 915 1803; x_wconf 87' lang='lat' dir='ltr'>omnino</span> <span class='ocrx_word' id='word_1_180' title='bbox 930 1754 1042 1805; x_wconf 81' lang='lat' dir='ltr'>crediderit</span> 
     </span>
     <span class='ocr_line' id='line_1_28' title="bbox 205 1814 1042 1883; baseline 0.005 -20"><span class='ocrx_word' id='word_1_181' title='bbox 205 1814 292 1866; x_wconf 86' lang='lat' dir='ltr'>dedisse</span> <span class='ocrx_word' id='word_1_182' title='bbox 301 1817 427 1878; x_wconf 79' lang='lat' dir='ltr'>Peffinunra.</span> <span class='ocrx_word' id='word_1_183' title='bbox 443 1819 472 1867; x_wconf 87' lang='lat' dir='ltr'>ad</span> <span class='ocrx_word' id='word_1_184' title='bbox 483 1821 550 1868; x_wconf 87' lang='lat' dir='ltr'>illam</span> <span class='ocrx_word' id='word_1_185' title='bbox 560 1816 643 1867; x_wconf 88' lang='lat' dir='ltr'>urbem</span> <span class='ocrx_word' id='word_1_186' title='bbox 652 1817 749 1874; x_wconf 85' lang='lat' dir='ltr'>scilicet,</span> <span class='ocrx_word' id='word_1_187' title='bbox 766 1817 803 1866; x_wconf 88' lang='lat' dir='ltr'>vel</span> <span class='ocrx_word' id='word_1_188' title='bbox 818 1818 866 1866; x_wconf 90' lang='lat' dir='ltr'>illic</span> <span class='ocrx_word' id='word_1_189' title='bbox 882 1817 981 1883; x_wconf 81' lang='lat' dir='ltr'>aliquod</span> <span class='ocrx_word' id='word_1_190' title='bbox 995 1832 1042 1883; x_wconf 67' lang='lat' dir='ltr'>neq</span> 
     </span>
     <span class='ocr_line' id='line_1_29' title="bbox 206 1877 1024 1946; baseline 0.004 -19"><span class='ocrx_word' id='word_1_191' title='bbox 206 1881 267 1928; x_wconf 88' lang='lat' dir='ltr'>tium</span> <span class='ocrx_word' id='word_1_192' title='bbox 278 1883 362 1944; x_wconf 84' lang='lat' dir='ltr'>puriter</span> <span class='ocrx_word' id='word_1_193' title='bbox 371 1895 500 1938; x_wconf 71' lang='lat' dir='ltr'>curaturam,</span> <span class='ocrx_word' id='word_1_194' title='bbox 516 1883 554 1931; x_wconf 89' lang='lat' dir='ltr'>vel</span> <span class='ocrx_word' id='word_1_195' title='bbox 564 1881 629 1946; x_wconf 92' lang='lat' dir='ltr'>quod</span> <span class='ocrx_word' id='word_1_196' title='bbox 641 1877 697 1930; x_wconf 86' lang='lat' dir='ltr'>esset</span> <span class='ocrx_word' id='word_1_197' title='bbox 708 1883 734 1930; x_wconf 90' lang='lat' dir='ltr'>in</span> <span class='ocrx_word' id='word_1_198' title='bbox 744 1881 826 1928; x_wconf 88' lang='lat' dir='ltr'>itinere</span> <span class='ocrx_word' id='word_1_199' title='bbox 835 1879 880 1928; x_wconf 91' lang='lat' dir='ltr'>isto</span> <span class='ocrx_word' id='word_1_200' title='bbox 890 1879 940 1931; x_wconf 79' lang='lat' dir='ltr'>sita</span> <span class='ocrx_word' id='word_1_201' title='bbox 958 1885 1024 1930; x_wconf 80' lang='lat' dir='ltr'>Gron.</span> 
     </span>
    </p>

    <p class='ocr_par' dir='ltr' id='par_1_13' title="bbox 203 1944 1042 2196">
     <span class='ocr_line' id='line_1_30' title="bbox 237 1944 1042 2010; baseline 0.005 -20"><span class='ocrx_word' id='word_1_202' title='bbox 237 1951 274 1998; x_wconf 85' lang='lat'>76.</span> <span class='ocrx_word' id='word_1_203' title='bbox 291 1946 479 1993; x_wconf 79' lang='lat' dir='ltr'>Irerhabebantad</span> <span class='ocrx_word' id='word_1_204' title='bbox 489 1949 617 2006; x_wconf 79' lang='lat' dir='ltr'>Dejotarum</span> <span class='ocrx_word' id='word_1_205' title='bbox 626 1951 722 2010; x_wconf 57' lang='lat' dir='ltr'>Regum]</span> <span class='ocrx_word' id='word_1_206' title='bbox 753 1949 790 1992; x_wconf 83' lang='lat' dir='ltr'>Ita</span> <span class='ocrx_word' id='word_1_207' title='bbox 799 1944 884 1991; x_wconf 80' lang='lat' dir='ltr'>Veneti</span> <span class='ocrx_word' id='word_1_208' title='bbox 900 1945 926 1991; x_wconf 87' lang='lat'>&amp;</span> <span class='ocrx_word' id='word_1_209' title='bbox 943 1945 990 1994; x_wconf 77' lang='lat' dir='ltr'>alsi.</span> <span class='ocrx_word' id='word_1_210' title='bbox 1022 1947 1042 1993; x_wconf 77' lang='lat' dir='ltr'>St</span> 
     </span>
     <span class='ocr_line' id='line_1_31' title="bbox 205 2004 1042 2073; baseline 0.004 -19"><span class='ocrx_word' id='word_1_211' title='bbox 205 2006 291 2054; x_wconf 81' lang='lat' dir='ltr'>mirum</span> <span class='ocrx_word' id='word_1_212' title='bbox 301 2006 330 2056; x_wconf 93' lang='lat' dir='ltr'>de</span> <span class='ocrx_word' id='word_1_213' title='bbox 346 2012 417 2064; x_wconf 80' lang='lat' dir='ltr'>Laio,</span> <span class='ocrx_word' id='word_1_214' title='bbox 433 2007 499 2073; x_wconf 92' lang='lat' dir='ltr'>quod</span> <span class='ocrx_word' id='word_1_215' title='bbox 514 2007 546 2056; x_wconf 87' lang='lat' dir='ltr'>est</span> <span class='ocrx_word' id='word_1_216' title='bbox 561 2010 587 2056; x_wconf 87' lang='lat' dir='ltr'>in</span> <span class='ocrx_word' id='word_1_217' title='bbox 604 2007 654 2056; x_wconf 83' lang='lat' dir='ltr'>aliis</span> <span class='ocrx_word' id='word_1_218' title='bbox 671 2013 679 2064; x_wconf 72' lang='lat'>3</span> <span class='ocrx_word' id='word_1_219' title='bbox 694 2004 753 2055; x_wconf 92' lang='lat' dir='ltr'>illud</span> <span class='ocrx_word' id='word_1_220' title='bbox 768 2004 875 2061; x_wconf 77' lang='lat' dir='ltr'>fastum,</span> <span class='ocrx_word' id='word_1_221' title='bbox 891 2006 947 2055; x_wconf 83' lang='lat' dir='ltr'>clun</span> <span class='ocrx_word' id='word_1_222' title='bbox 962 2007 1042 2069; x_wconf 80' lang='lat' dir='ltr'>Dejots</span> 
     </span>
     <span class='ocr_line' id='line_1_32' title="bbox 203 2066 1042 2134; baseline -0.001 -18"><span class='ocrx_word' id='word_1_223' title='bbox 203 2066 328 2132; x_wconf 77' lang='lat' dir='ltr'>presertim</span> <span class='ocrx_word' id='word_1_224' title='bbox 340 2085 428 2118; x_wconf 87' lang='lat' dir='ltr'>nomen</span> <span class='ocrx_word' id='word_1_225' title='bbox 439 2087 489 2118; x_wconf 91' lang='lat' dir='ltr'>non</span> <span class='ocrx_word' id='word_1_226' title='bbox 499 2068 527 2117; x_wconf 86' lang='lat' dir='ltr'>stt</span> <span class='ocrx_word' id='word_1_227' title='bbox 537 2066 673 2119; x_wconf 82' lang='lat' dir='ltr'>inusitatum</span> <span class='ocrx_word' id='word_1_228' title='bbox 682 2070 708 2118; x_wconf 88' lang='lat' dir='ltr'>in</span> <span class='ocrx_word' id='word_1_229' title='bbox 718 2066 805 2131; x_wconf 85' lang='lat' dir='ltr'>seriptis</span> <span class='ocrx_word' id='word_1_230' title='bbox 812 2069 988 2118; x_wconf 82' lang='lat' dir='ltr'>Ciceronianis:</span> <span class='ocrx_word' id='word_1_231' title='bbox 1005 2084 1042 2134; x_wconf 77' lang='lat' dir='ltr'>qua</span> 
     </span>
     <span class='ocr_line' id='line_1_33' title="bbox 204 2131 1042 2196; baseline 0.005 -18"><span class='ocrx_word' id='word_1_232' title='bbox 204 2146 280 2178; x_wconf 83' lang='lat' dir='ltr'>remus</span> <span class='ocrx_word' id='word_1_233' title='bbox 291 2131 320 2179; x_wconf 89' lang='lat' dir='ltr'>de</span> <span class='ocrx_word' id='word_1_234' title='bbox 331 2131 376 2179; x_wconf 88' lang='lat' dir='ltr'>hoc</span> <span class='ocrx_word' id='word_1_235' title='bbox 387 2131 429 2180; x_wconf 90' lang='lat' dir='ltr'>dili</span> <span class='ocrx_word' id='word_1_236' title='bbox 446 2133 528 2181; x_wconf 89' lang='lat' dir='ltr'>entius.</span> <span class='ocrx_word' id='word_1_237' title='bbox 547 2139 651 2182; x_wconf 78' lang='lat' dir='ltr'>Camerar.</span> <span class='ocrx_word' id='word_1_238' title='bbox 685 2135 827 2192; x_wconf 75' lang='lat' dir='ltr'>Dejorarum,</span> <span class='ocrx_word' id='word_1_239' title='bbox 842 2136 937 2196; x_wconf 83' lang='lat' dir='ltr'>Regem</span> <span class='ocrx_word' id='word_1_240' title='bbox 952 2134 1042 2182; x_wconf 71' lang='lat' dir='ltr'>Arinem</span> 
     </span>
    </p>
   </div>
   <div class='ocr_carea' id='block_1_12' title="bbox 239 2192 1042 2306">
    <p class='ocr_par' dir='ltr' id='par_1_14' title="bbox 239 2192 1042 2306">
     <span class='ocr_line' id='line_1_34' title="bbox 239 2192 1042 2306; baseline 0.002 -63"><span class='ocrx_word' id='word_1_241' title='bbox 239 2193 301 2243; x_wconf 90' lang='lat' dir='ltr'>&#39;dem</span> <span class='ocrx_word' id='word_1_242' title='bbox 312 2196 430 2243; x_wconf 78' lang='lat' dir='ltr'>Minoris·</span> <span class='ocrx_word' id='word_1_243' title='bbox 465 2200 550 2244; x_wconf 84' lang='lat' dir='ltr'>Senatu</span> <span class='ocrx_word' id='word_1_244' title='bbox 566 2195 727 2306; x_wconf 58' lang='lat' dir='ltr'>appellatum,</span> <span class='ocrx_word' id='word_1_245' title='bbox 742 2192 781 2242; x_wconf 88' lang='lat' dir='ltr'>sed</span> <span class='ocrx_word' id='word_1_246' title='bbox 797 2193 957 2259; x_wconf 79' lang='lat' dir='ltr'>Gallograeciae</span> <span class='ocrx_word' id='word_1_247' title='bbox 973 2199 1042 2245; x_wconf 73' lang='lat' dir='ltr'>Tetra</span> 
     </span>
    </p>
   </div>
   <div class='ocr_carea' id='block_1_13' title="bbox 202 2257 1042 3075">
    <p class='ocr_par' dir='ltr' id='par_1_15' title="bbox 202 2257 1042 2811">
     <span class='ocr_line' id='line_1_35' title="bbox 204 2257 1042 2321; baseline 0.004 -19"><span class='ocrx_word' id='word_1_248' title='bbox 204 2269 281 2306; x_wconf 84' lang='lat' dir='ltr'>eam.</span> <span class='ocrx_word' id='word_1_249' title='bbox 314 2260 425 2306; x_wconf 78' lang='lat' dir='ltr'>Ceteriun</span> <span class='ocrx_word' id='word_1_250' title='bbox 445 2272 519 2321; x_wconf 89' lang='lat' dir='ltr'>quum</span> <span class='ocrx_word' id='word_1_251' title='bbox 534 2257 580 2306; x_wconf 90' lang='lat' dir='ltr'>hoc</span> <span class='ocrx_word' id='word_1_252' title='bbox 607 2273 671 2314; x_wconf 87' lang='lat' dir='ltr'>oco,</span> <span class='ocrx_word' id='word_1_253' title='bbox 688 2260 712 2307; x_wconf 90' lang='lat'>&amp;</span> <span class='ocrx_word' id='word_1_254' title='bbox 724 2261 870 2317; x_wconf 65' lang='lat' dir='ltr'>Deiotarum,</span> <span class='ocrx_word' id='word_1_255' title='bbox 887 2258 912 2305; x_wconf 75' lang='grc' dir='ltr'>δι</span> <span class='ocrx_word' id='word_1_256' title='bbox 925 2261 1042 2318; x_wconf 70' lang='lat' dir='ltr'>Laium,t</span> 
     </span>
     <span class='ocr_line' id='line_1_36' title="bbox 203 2317 1042 2386; baseline 0.005 -19"><span class='ocrx_word' id='word_1_257' title='bbox 203 2321 312 2376; x_wconf 61' lang='lat' dir='ltr'>Hymen,</span> <span class='ocrx_word' id='word_1_258' title='bbox 328 2322 353 2368; x_wconf 72' lang='grc' dir='ltr'>δε</span> <span class='ocrx_word' id='word_1_259' title='bbox 369 2323 478 2377; x_wconf 77' lang='lat' dir='ltr'>Ithacum,</span> <span class='ocrx_word' id='word_1_260' title='bbox 495 2333 565 2385; x_wconf 85' lang='lat' dir='ltr'>atque</span> <span class='ocrx_word' id='word_1_261' title='bbox 575 2327 696 2382; x_wconf 82' lang='lat' dir='ltr'>Laroregem</span> <span class='ocrx_word' id='word_1_262' title='bbox 711 2321 834 2386; x_wconf 86' lang='lat' dir='ltr'>legamus,</span> <span class='ocrx_word' id='word_1_263' title='bbox 860 2317 989 2384; x_wconf 84' lang='lat' dir='ltr'>videndum</span> <span class='ocrx_word' id='word_1_264' title='bbox 1005 2319 1042 2371; x_wconf 80' lang='lat' dir='ltr'>fou</span> 
     </span>
     <span class='ocr_line' id='line_1_37' title="bbox 204 2376 1042 2449; baseline 0.002 -20"><span class='ocrx_word' id='word_1_265' title='bbox 204 2376 246 2438; x_wconf 80' lang='lat' dir='ltr'>sit,</span> <span class='ocrx_word' id='word_1_266' title='bbox 263 2397 293 2430; x_wconf 86' lang='lat' dir='ltr'>au</span> <span class='ocrx_word' id='word_1_267' title='bbox 303 2380 415 2446; x_wconf 79' lang='lat' dir='ltr'>pellimus</span> <span class='ocrx_word' id='word_1_268' title='bbox 424 2384 502 2449; x_wconf 87' lang='lat' dir='ltr'>legere</span> <span class='ocrx_word' id='word_1_269' title='bbox 513 2387 659 2447; x_wconf 79' lang='lat' dir='ltr'>Brogitarum,</span> <span class='ocrx_word' id='word_1_270' title='bbox 676 2386 712 2432; x_wconf 88' lang='lat' dir='ltr'>cui</span> <span class='ocrx_word' id='word_1_271' title='bbox 721 2399 762 2448; x_wconf 88' lang='lat' dir='ltr'>per</span> <span class='ocrx_word' id='word_1_272' title='bbox 773 2381 928 2447; x_wconf 79' lang='lat' dir='ltr'>syngrapham</span> <span class='ocrx_word' id='word_1_273' title='bbox 939 2397 953 2432; x_wconf 84' lang='lat' dir='ltr'>a</span> <span class='ocrx_word' id='word_1_274' title='bbox 963 2397 1042 2431; x_wconf 81' lang='lat' dir='ltr'>nonno</span> 
     </span>
     <span class='ocr_line' id='line_1_38' title="bbox 204 2440 1042 2509; baseline 0.006 -17"><span class='ocrx_word' id='word_1_275' title='bbox 204 2440 234 2492; x_wconf 84' lang='lat' dir='ltr'>lis</span> <span class='ocrx_word' id='word_1_276' title='bbox 249 2448 366 2494; x_wconf 83' lang='lat' dir='ltr'>Romanis</span> <span class='ocrx_word' id='word_1_277' title='bbox 380 2449 482 2509; x_wconf 84' lang='lat' dir='ltr'>pecuniae</span> <span class='ocrx_word' id='word_1_278' title='bbox 497 2445 589 2496; x_wconf 77' lang='lat' dir='ltr'>filerunt</span> <span class='ocrx_word' id='word_1_279' title='bbox 611 2446 708 2496; x_wconf 77' lang='lat' dir='ltr'>creditae.</span> <span class='ocrx_word' id='word_1_280' title='bbox 742 2445 826 2494; x_wconf 87' lang='lat' dir='ltr'>Cicero</span> <span class='ocrx_word' id='word_1_281' title='bbox 847 2457 956 2509; x_wconf 75' lang='lat' dir='ltr'>praterea</span> <span class='ocrx_word' id='word_1_282' title='bbox 975 2444 1005 2494; x_wconf 86' lang='lat' dir='ltr'>de</span> <span class='ocrx_word' id='word_1_283' title='bbox 1024 2440 1042 2497; x_wconf 74' lang='lat' dir='ltr'>st</span> 
     </span>
     <span class='ocr_line' id='line_1_39' title="bbox 203 2506 1042 2575; baseline 0.002 -20"><span class='ocrx_word' id='word_1_284' title='bbox 203 2509 318 2568; x_wconf 86' lang='lat' dir='ltr'>Dejotaro</span> <span class='ocrx_word' id='word_1_285' title='bbox 328 2523 377 2556; x_wconf 88' lang='lat' dir='ltr'>nun</span> <span class='ocrx_word' id='word_1_286' title='bbox 395 2523 450 2558; x_wconf 88' lang='lat' dir='ltr'>uam</span> <span class='ocrx_word' id='word_1_287' title='bbox 464 2509 507 2557; x_wconf 87' lang='lat' dir='ltr'>illa</span> <span class='ocrx_word' id='word_1_288' title='bbox 517 2506 634 2575; x_wconf 83' lang='lat' dir='ltr'>scripsisset</span> <span class='ocrx_word' id='word_1_289' title='bbox 644 2507 730 2559; x_wconf 81' lang='lat' dir='ltr'>verba:</span> <span class='ocrx_word' id='word_1_290' title='bbox 746 2511 887 2572; x_wconf 77' lang='lat' dir='ltr'>Qamquam</span> <span class='ocrx_word' id='word_1_291' title='bbox 897 2511 969 2556; x_wconf 80' lang='lat' dir='ltr'>omnia</span> <span class='ocrx_word' id='word_1_292' title='bbox 983 2526 1018 2555; x_wconf 81' lang='lat' dir='ltr'>nec</span> <span class='ocrx_word' id='word_1_293' title='bbox 1030 2508 1042 2557; x_wconf 77' lang='lat' dir='ltr'>b</span> 
     </span>
     <span class='ocr_line' id='line_1_40' title="bbox 203 2524 1042 2637; baseline 0.002 -23"><span class='ocrx_word' id='word_1_294' title='bbox 203 2573 266 2633; x_wconf 81' lang='lat' dir='ltr'>m&#39;gna</span> <span class='ocrx_word' id='word_1_295' title='bbox 276 2589 311 2619; x_wconf 84' lang='lat' dir='ltr'>nec</span> <span class='ocrx_word' id='word_1_296' title='bbox 320 2524 398 2637; x_wconf 55' lang='lat' dir='ltr'>copiosis</span> <span class='ocrx_word' id='word_1_297' title='bbox 413 2587 528 2636; x_wconf 78' lang='lat' dir='ltr'>cognorant.</span> <span class='ocrx_word' id='word_1_298' title='bbox 561 2572 624 2636; x_wconf 74' lang='lat' dir='ltr'>Quid</span> <span class='ocrx_word' id='word_1_299' title='bbox 640 2571 658 2621; x_wconf 90' lang='lat' dir='ltr'>fi</span> <span class='ocrx_word' id='word_1_300' title='bbox 673 2574 793 2620; x_wconf 68' lang='lat' dir='ltr'>Latiarum</span> <span class='ocrx_word' id='word_1_301' title='bbox 807 2571 932 2637; x_wconf 79' lang='lat' dir='ltr'>legamus,</span> <span class='ocrx_word' id='word_1_302' title='bbox 947 2582 975 2619; x_wconf 86' lang='lat' dir='ltr'>ut</span> <span class='ocrx_word' id='word_1_303' title='bbox 989 2571 1042 2637; x_wconf 61' lang='lat' dir='ltr'>ugos«</span> 
     </span>
     <span class='ocr_line' id='line_1_41' title="bbox 203 2632 1042 2700; baseline 0.006 -20"><span class='ocrx_word' id='word_1_304' title='bbox 203 2632 331 2683; x_wconf 71' lang='lat' dir='ltr'>meumfic</span> <span class='ocrx_word' id='word_1_305' title='bbox 346 2649 360 2682; x_wconf 86' lang='lat' dir='ltr'>a</span> <span class='ocrx_word' id='word_1_306' title='bbox 376 2647 453 2699; x_wconf 85' lang='lat' dir='ltr'>patre,</span> <span class='ocrx_word' id='word_1_307' title='bbox 486 2635 510 2682; x_wconf 90' lang='lat' dir='ltr'>ui</span> <span class='ocrx_word' id='word_1_308' title='bbox 524 2640 632 2683; x_wconf 73' lang='lat' dir='ltr'>Latium</span> <span class='ocrx_word' id='word_1_309' title='bbox 649 2632 784 2691; x_wconf 86' lang='lat' dir='ltr'>dicebatur,</span> <span class='ocrx_word' id='word_1_310' title='bbox 800 2647 911 2683; x_wconf 80' lang='lat' dir='ltr'>vocatum</span> <span class='ocrx_word' id='word_1_311' title='bbox 930 2635 1042 2700; x_wconf 78' lang='lat' dir='ltr'>interpret</span> 
     </span>
     <span class='ocr_line' id='line_1_42' title="bbox 204 2650 1042 2764; baseline 0.005 -21"><span class='ocrx_word' id='word_1_312' title='bbox 204 2708 274 2744; x_wconf 85' lang='lat' dir='ltr'>mur:</span> <span class='ocrx_word' id='word_1_313' title='bbox 291 2712 345 2744; x_wconf 85' lang='lat' dir='ltr'>cum</span> <span class='ocrx_word' id='word_1_314' title='bbox 378 2713 409 2746; x_wconf 93' lang='lat' dir='ltr'>uo</span> <span class='ocrx_word' id='word_1_315' title='bbox 425 2650 517 2747; x_wconf 72' lang='lat' dir='ltr'>Caesius</span> <span class='ocrx_word' id='word_1_316' title='bbox 538 2696 616 2748; x_wconf 87' lang='lat' dir='ltr'>nescio</span> <span class='ocrx_word' id='word_1_317' title='bbox 631 2698 689 2764; x_wconf 94' lang='lat' dir='ltr'>quid</span> <span class='ocrx_word' id='word_1_318' title='bbox 703 2699 812 2763; x_wconf 85' lang='lat' dir='ltr'>negotii,</span> <span class='ocrx_word' id='word_1_319' title='bbox 828 2712 857 2746; x_wconf 87' lang='lat' dir='ltr'>ex</span> <span class='ocrx_word' id='word_1_320' title='bbox 874 2695 938 2760; x_wconf 87' lang='lat' dir='ltr'>epist.</span> <span class='ocrx_word' id='word_1_321' title='bbox 952 2712 987 2747; x_wconf 78' lang='grc' dir='ltr'>ιν.</span> <span class='ocrx_word' id='word_1_322' title='bbox 1011 2695 1042 2747; x_wconf 81' lang='lat' dir='ltr'>Ls</span> 
     </span>
     <span class='ocr_line' id='line_1_43' title="bbox 202 2757 594 2811; baseline 0.02 -8"><span class='ocrx_word' id='word_1_323' title='bbox 202 2771 268 2808; x_wconf 77' lang='lat' dir='ltr'>vrrs.</span> <span class='ocrx_word' id='word_1_324' title='bbox 285 2757 330 2808; x_wconf 86' lang='lat' dir='ltr'>hab</span> <span class='ocrx_word' id='word_1_325' title='bbox 347 2760 352 2771; x_wconf 89' lang='lat'>&#39;</span> <span class='ocrx_word' id='word_1_326' title='bbox 374 2761 491 2810; x_wconf 85' lang='lat' dir='ltr'>evidetur.</span> <span class='ocrx_word' id='word_1_327' title='bbox 510 2764 594 2811; x_wconf 76' lang='lat' dir='ltr'>Corrad.</span> 
     </span>
    </p>

    <p class='ocr_par' dir='ltr' id='par_1_16' title="bbox 202 2823 1042 3075">
     <span class='ocr_line' id='line_1_44' title="bbox 236 2823 1042 2892; baseline 0.006 -25"><span class='ocrx_word' id='word_1_328' title='bbox 236 2837 273 2878; x_wconf 86' lang='lat'>77.</span> <span class='ocrx_word' id='word_1_329' title='bbox 290 2824 382 2878; x_wconf 80' lang='lat' dir='ltr'>vrbem,</span> <span class='ocrx_word' id='word_1_330' title='bbox 398 2828 430 2871; x_wconf 87' lang='lat' dir='ltr'>mi</span> <span class='ocrx_word' id='word_1_331' title='bbox 438 2823 515 2892; x_wconf 60' lang='lat' dir='ltr'>iqifr&#39;,</span> <span class='ocrx_word' id='word_1_332' title='bbox 531 2827 593 2883; x_wconf 69' lang='lat' dir='ltr'>cola]</span> <span class='ocrx_word' id='word_1_333' title='bbox 618 2830 651 2881; x_wconf 63' lang='lat' dir='ltr'>,Iu</span> <span class='ocrx_word' id='word_1_334' title='bbox 667 2824 767 2890; x_wconf 85' lang='lat' dir='ltr'>antiquis</span> <span class='ocrx_word' id='word_1_335' title='bbox 783 2823 955 2888; x_wconf 81' lang='lat' dir='ltr'>exemplaribus</span> <span class='ocrx_word' id='word_1_336' title='bbox 972 2824 1042 2889; x_wconf 84' lang='lat' dir='ltr'>repeti</span> 
     </span>
     <span class='ocr_line' id='line_1_45' title="bbox 203 2881 1042 2951; baseline 0.005 -19"><span class='ocrx_word' id='word_1_337' title='bbox 203 2881 237 2932; x_wconf 82' lang='lat' dir='ltr'>cst</span> <span class='ocrx_word' id='word_1_338' title='bbox 247 2899 295 2933; x_wconf 83' lang='lat' dir='ltr'>vox</span> <span class='ocrx_word' id='word_1_339' title='bbox 306 2884 348 2932; x_wconf 87' lang='lat' dir='ltr'>illa</span> <span class='ocrx_word' id='word_1_340' title='bbox 357 2887 448 2942; x_wconf 79' lang='lat' dir='ltr'>vrbem,</span> <span class='ocrx_word' id='word_1_341' title='bbox 465 2887 584 2951; x_wconf 83' lang='lat' dir='ltr'>eleganter</span> <span class='ocrx_word' id='word_1_342' title='bbox 594 2886 719 2945; x_wconf 75' lang='lat' dir='ltr'>profesio,</span> <span class='ocrx_word' id='word_1_343' title='bbox 740 2887 830 2946; x_wconf 85' lang='lat' dir='ltr'>majore</span> <span class='ocrx_word' id='word_1_344' title='bbox 844 2901 927 2934; x_wconf 91' lang='lat' dir='ltr'>eorum</span> <span class='ocrx_word' id='word_1_345' title='bbox 941 2884 1042 2936; x_wconf 75' lang='lat' dir='ltr'>verboru</span> 
     </span>
     <span class='ocr_line' id='line_1_46' title="bbox 203 2946 1042 3016; baseline 0.004 -22"><span class='ocrx_word' id='word_1_346' title='bbox 203 2947 235 2995; x_wconf 77' lang='lat' dir='ltr'>vi.</span> <span class='ocrx_word' id='word_1_347' title='bbox 269 2953 347 3010; x_wconf 80' lang='lat' dir='ltr'>Qram</span> <span class='ocrx_word' id='word_1_348' title='bbox 355 2946 468 3011; x_wconf 86' lang='lat' dir='ltr'>figuram,</span> <span class='ocrx_word' id='word_1_349' title='bbox 485 2964 539 2996; x_wconf 90' lang='lat' dir='ltr'>cum</span> <span class='ocrx_word' id='word_1_350' title='bbox 548 2949 628 2998; x_wconf 83' lang='lat' dir='ltr'>multis</span> <span class='ocrx_word' id='word_1_351' title='bbox 638 2951 696 2998; x_wconf 91' lang='lat' dir='ltr'>locis</span> <span class='ocrx_word' id='word_1_352' title='bbox 705 2964 733 2996; x_wconf 87' lang='lat' dir='ltr'>ea</span> <span class='ocrx_word' id='word_1_353' title='bbox 748 2950 832 2996; x_wconf 86' lang='lat' dir='ltr'>Cicero</span> <span class='ocrx_word' id='word_1_354' title='bbox 843 2947 894 2996; x_wconf 88' lang='lat' dir='ltr'>usus</span> <span class='ocrx_word' id='word_1_355' title='bbox 909 2948 956 3006; x_wconf 84' lang='lat' dir='ltr'>stt,</span> <span class='ocrx_word' id='word_1_356' title='bbox 972 2951 1042 3016; x_wconf 86' lang='lat' dir='ltr'>imper</span> 
     </span>
     <span class='ocr_line' id='line_1_47' title="bbox 202 3008 1040 3075; baseline 0.004 -18"><span class='ocrx_word' id='word_1_357' title='bbox 202 3011 237 3058; x_wconf 87' lang='lat' dir='ltr'>tia</span> <span class='ocrx_word' id='word_1_358' title='bbox 246 3009 394 3059; x_wconf 78' lang='lat' dir='ltr'>librariortuu</span> <span class='ocrx_word' id='word_1_359' title='bbox 405 3008 461 3075; x_wconf 80' lang='lat' dir='ltr'>saepe</span> <span class='ocrx_word' id='word_1_360' title='bbox 472 3008 575 3059; x_wconf 86' lang='lat' dir='ltr'>sustulit:</span> <span class='ocrx_word' id='word_1_361' title='bbox 593 3013 691 3061; x_wconf 85' lang='lat' dir='ltr'>alteram</span> <span class='ocrx_word' id='word_1_362' title='bbox 706 3010 770 3060; x_wconf 88' lang='lat' dir='ltr'>enim</span> <span class='ocrx_word' id='word_1_363' title='bbox 785 3025 866 3059; x_wconf 85' lang='lat' dir='ltr'>earum</span> <span class='ocrx_word' id='word_1_364' title='bbox 882 3011 1040 3061; x_wconf 74' lang='lat' dir='ltr'>diuionumr</span> 
     </span>
    </p>
   </div>
   <div class='ocr_carea' id='block_1_14' title="bbox 170 3072 1042 3140">
    <p class='ocr_par' dir='ltr' id='par_1_17' title="bbox 170 3072 1042 3140">
     <span class='ocr_line' id='line_1_48' title="bbox 170 3072 1042 3140; baseline 0.005 -21"><span class='ocrx_word' id='word_1_365' title='bbox 170 3086 173 3091; x_wconf 89' lang='lat'>·</span> <span class='ocrx_word' id='word_1_366' title='bbox 203 3087 255 3121; x_wconf 83' lang='lat' dir='ltr'>care</span> <span class='ocrx_word' id='word_1_367' title='bbox 265 3073 414 3129; x_wconf 87' lang='lat' dir='ltr'>arbitrantes,</span> <span class='ocrx_word' id='word_1_368' title='bbox 430 3089 579 3138; x_wconf 85' lang='lat' dir='ltr'>erroremque</span> <span class='ocrx_word' id='word_1_369' title='bbox 589 3077 692 3140; x_wconf 90' lang='lat' dir='ltr'>priorum</span> <span class='ocrx_word' id='word_1_370' title='bbox 707 3075 743 3137; x_wconf 90' lang='lat' dir='ltr'>(ut</span> <span class='ocrx_word' id='word_1_371' title='bbox 754 3073 878 3138; x_wconf 81' lang='lat' dir='ltr'>putabant)</span> <span class='ocrx_word' id='word_1_372' title='bbox 895 3076 1011 3139; x_wconf 85' lang='lat' dir='ltr'>corrigere</span> <span class='ocrx_word' id='word_1_373' title='bbox 1020 3072 1042 3124; x_wconf 77' lang='lat' dir='ltr'>st:</span> 
     </span>
    </p>
   </div>
   <div class='ocr_carea' id='block_1_15' title="bbox 202 3133 1042 3521">
    <p class='ocr_par' dir='ltr' id='par_1_18' title="bbox 203 3133 781 3201">
     <span class='ocr_line' id='line_1_49' title="bbox 203 3133 781 3201; baseline 0.007 -19"><span class='ocrx_word' id='word_1_374' title='bbox 203 3133 298 3193; x_wconf 86' lang='lat' dir='ltr'>dentes,</span> <span class='ocrx_word' id='word_1_375' title='bbox 314 3138 414 3201; x_wconf 86' lang='lat' dir='ltr'>graviter</span> <span class='ocrx_word' id='word_1_376' title='bbox 424 3134 465 3201; x_wconf 88' lang='lat' dir='ltr'>ipfi</span> <span class='ocrx_word' id='word_1_377' title='bbox 492 3151 635 3188; x_wconf 84' lang='lat' dir='ltr'>eccaverunt.</span> <span class='ocrx_word' id='word_1_378' title='bbox 671 3142 781 3187; x_wconf 64' lang='lat' dir='ltr'>isidorius.</span> 
     </span>
    </p>

    <p class='ocr_par' dir='ltr' id='par_1_19' title="bbox 202 3152 1042 3446">
     <span class='ocr_line' id='line_1_50' title="bbox 236 3152 1042 3266; baseline 0.005 -21"><span class='ocrx_word' id='word_1_379' title='bbox 236 3206 271 3254; x_wconf 83' lang='lat'>78.</span> <span class='ocrx_word' id='word_1_380' title='bbox 288 3203 437 3262; x_wconf 68' lang='lat' dir='ltr'>Integritatis]</span> <span class='ocrx_word' id='word_1_381' title='bbox 463 3152 625 3249; x_wconf 63' lang='lat' dir='ltr'>rsbstinentiae:</span> <span class='ocrx_word' id='word_1_382' title='bbox 659 3202 697 3250; x_wconf 87' lang='lat' dir='ltr'>uia</span> <span class='ocrx_word' id='word_1_383' title='bbox 707 3217 737 3248; x_wconf 87' lang='lat' dir='ltr'>ne</span> <span class='ocrx_word' id='word_1_384' title='bbox 746 3201 852 3249; x_wconf 89' lang='lat' dir='ltr'>teruncio</span> <span class='ocrx_word' id='word_1_385' title='bbox 863 3199 962 3266; x_wconf 90' lang='lat' dir='ltr'>quidem</span> <span class='ocrx_word' id='word_1_386' title='bbox 971 3200 1042 3264; x_wconf 75' lang='lat' dir='ltr'>provi</span> 
     </span>
     <span class='ocr_line' id='line_1_51' title="bbox 202 3217 1042 3328; baseline 0.004 -20"><span class='ocrx_word' id='word_1_387' title='bbox 202 3263 243 3308; x_wconf 78' lang='lat' dir='ltr'>cie</span> <span class='ocrx_word' id='word_1_388' title='bbox 255 3260 353 3326; x_wconf 86' lang='lat' dir='ltr'>sumptui</span> <span class='ocrx_word' id='word_1_389' title='bbox 365 3262 423 3311; x_wconf 86' lang='lat' dir='ltr'>fuit:</span> <span class='ocrx_word' id='word_1_390' title='bbox 440 3262 504 3326; x_wconf 88' lang='lat' dir='ltr'>quod</span> <span class='ocrx_word' id='word_1_391' title='bbox 516 3264 575 3328; x_wconf 87' lang='lat' dir='ltr'>ipse,</span> <span class='ocrx_word' id='word_1_392' title='bbox 592 3217 700 3311; x_wconf 73' lang='lat' dir='ltr'>nonqsrrre</span> <span class='ocrx_word' id='word_1_393' title='bbox 710 3264 813 3328; x_wconf 86' lang='lat' dir='ltr'>quadam</span> <span class='ocrx_word' id='word_1_394' title='bbox 823 3265 889 3312; x_wconf 88' lang='lat' dir='ltr'>inani</span> <span class='ocrx_word' id='word_1_395' title='bbox 905 3264 999 3328; x_wconf 84' lang='lat' dir='ltr'>gloria,</span> <span class='ocrx_word' id='word_1_396' title='bbox 1015 3276 1042 3313; x_wconf 82' lang='lat' dir='ltr'>ve</span> 
     </span>
     <span class='ocr_line' id='line_1_52' title="bbox 203 3324 1042 3393; baseline 0.002 -21"><span class='ocrx_word' id='word_1_397' title='bbox 203 3336 285 3372; x_wconf 86' lang='lat' dir='ltr'>tamen</span> <span class='ocrx_word' id='word_1_398' title='bbox 295 3324 324 3373; x_wconf 84' lang='lat' dir='ltr'>ad</span> <span class='ocrx_word' id='word_1_399' title='bbox 335 3328 440 3374; x_wconf 81' lang='lat' dir='ltr'>Atticum</span> <span class='ocrx_word' id='word_1_400' title='bbox 451 3324 537 3392; x_wconf 80' lang='lat' dir='ltr'>scripsit</span> <span class='ocrx_word' id='word_1_401' title='bbox 547 3325 611 3391; x_wconf 90' lang='lat' dir='ltr'>epist.</span> <span class='ocrx_word' id='word_1_402' title='bbox 621 3335 655 3376; x_wconf 82' lang='lat'>16.</span> <span class='ocrx_word' id='word_1_403' title='bbox 664 3344 699 3384; x_wconf 86' lang='lat'>17.</span> <span class='ocrx_word' id='word_1_404' title='bbox 707 3343 744 3376; x_wconf 87' lang='lat'>20.</span> <span class='ocrx_word' id='word_1_405' title='bbox 753 3336 790 3376; x_wconf 90' lang='lat'>21.&#39;</span> <span class='ocrx_word' id='word_1_406' title='bbox 805 3325 857 3376; x_wconf 85' lang='lat' dir='ltr'>Lib.</span> <span class='ocrx_word' id='word_1_407' title='bbox 865 3344 887 3377; x_wconf 83' lang='lat' dir='ltr'>v.</span> <span class='ocrx_word' id='word_1_408' title='bbox 906 3331 930 3377; x_wconf 76' lang='grc' dir='ltr'>δι</span> <span class='ocrx_word' id='word_1_409' title='bbox 947 3326 986 3376; x_wconf 86' lang='lat' dir='ltr'>hic</span> <span class='ocrx_word' id='word_1_410' title='bbox 1002 3327 1042 3393; x_wconf 83' lang='lat' dir='ltr'>epi</span> 
     </span>
     <span class='ocr_line' id='line_1_53' title="bbox 203 3388 929 3446; baseline 0.006 -12"><span class='ocrx_word' id='word_1_411' title='bbox 203 3402 310 3446; x_wconf 80' lang='lat'>1.3·4·5·</span> <span class='ocrx_word' id='word_1_412' title='bbox 327 3388 423 3439; x_wconf 84' lang='lat' dir='ltr'>Lib.xv.</span> <span class='ocrx_word' id='word_1_413' title='bbox 456 3395 481 3440; x_wconf 92' lang='lat' dir='ltr'>P.</span> <span class='ocrx_word' id='word_1_414' title='bbox 499 3393 585 3439; x_wconf 73' lang='lat' dir='ltr'>Manat.</span> <span class='ocrx_word' id='word_1_415' title='bbox 925 3408 929 3414; x_wconf 89' lang='lat'>·</span> 
     </span>
    </p>

    <p class='ocr_par' dir='ltr' id='par_1_20' title="bbox 235 3451 1042 3521">
     <span class='ocr_line' id='line_1_54' title="bbox 235 3451 1042 3521; baseline -0.001 -17"><span class='ocrx_word' id='word_1_416' title='bbox 235 3463 272 3508; x_wconf 84' lang='lat'>79.</span> <span class='ocrx_word' id='word_1_417' title='bbox 288 3457 390 3503; x_wconf 69' lang='lat' dir='ltr'>honerat</span> <span class='ocrx_word' id='word_1_418' title='bbox 403 3456 473 3504; x_wconf 81' lang='lat' dir='ltr'>minor</span> <span class='ocrx_word' id='word_1_419' title='bbox 487 3471 513 3504; x_wconf 79' lang='lat' dir='ltr'>tx</span> <span class='ocrx_word' id='word_1_420' title='bbox 527 3454 692 3514; x_wconf 73' lang='lat' dir='ltr'>contemnenda]</span> <span class='ocrx_word' id='word_1_421' title='bbox 725 3460 842 3521; x_wconf 73' lang='lat' dir='ltr'>Commpra</span> <span class='ocrx_word' id='word_1_422' title='bbox 860 3451 949 3506; x_wconf 79' lang='lat' dir='ltr'>habeut</span> <span class='ocrx_word' id='word_1_423' title='bbox 977 3454 1042 3521; x_wconf 85' lang='lat' dir='ltr'>aliqu</span> 
     </span>
    </p>
   </div>
   <div class='ocr_carea' id='block_1_16' title="bbox 1033 3531 1042 3567">
    <p class='ocr_par' dir='ltr' id='par_1_21' title="bbox 1033 3531 1042 3567">
     <span class='ocr_line' id='line_1_55' title="bbox 1033 3531 1042 3567; baseline 0 0"><span class='ocrx_word' id='word_1_424' title='bbox 1033 3531 1042 3567; x_wconf 76' lang='lat' dir='ltr'>l</span> 
     </span>
    </p>
   </div>
   <div class='ocr_carea' id='block_1_17' title="bbox 0 0 1140 4020">
    <p class='ocr_par' dir='ltr' id='par_1_22' title="bbox 0 0 1140 4020">
     <span class='ocr_line' id='line_1_56' title="bbox 0 0 1140 4020; baseline 0 0"><span class='ocrx_word' id='word_1_425' title='bbox 0 0 1140 4020; x_wconf 95' lang='lat' dir='ltr'> </span> 
     </span>
    </p>
   </div>
  </div>
 </body>
</html>
