2272 4020
244 211 303 274 292
350 189 462 257 Emer.
478 205 526 255 nn
546 186 800 269 TonQunrun,
820 198 865 251 nr
887 202 1044 257 cnrnnos

237 300 330 375 serint.
349 300 426 359 alteri
439 299 585 359 dimicant:
606 298 683 357 alteri
694 296 832 355 vitiorem
844 298 954 355 timent.
981 299 1038 363 Sed
1049 299 1104 358 haec

243 375 395 435 consolatio
421 377 488 435 levis
509 374 568 433 est:
595 375 639 432 illa
659 373 790 450 gravior,
816 390 871 449 qua
890 385 920 431 te
940 375 982 433 uti
1009 374 1104 452 spero:

93 483 110 517 n
124 474 215 528 tangat.
243 469 297 543 ego
311 451 386 510 cette
399 465 470 511 utor.
490 469 541 511 nec
563 453 662 521 enim,
682 450 750 509 dum
771 466 820 507 eto
835 490 844 519 ,
862 462 969 583 nanfar
982 451 1039 510 ulla
1057 469 1105 538 re,

93 530 231 576 MSSssrur·
243 546 308 587 cum
322 531 403 587 omni
415 546 513 587 vacem
527 528 607 603 culpa
622 549 629 587 :
650 529 697 596 &‚
717 524 809 585 finon
823 542 871 583 eto
886 568 895 599 ,
932 526 1000 585 ensu
1021 546 1105 587 omn-

93 636 110 667 o
125 619 285 682 qnabaecno
298 605 406 664 carebo.
427 605 480 662 Sed
495 603 580 663 rursus
597 594 733 674 ¹4yuedrt'
746 601 785 669 εἰς
802 595 909 666 ’nobee
922 599 935 672 ,’
950 604 1025 681 ⁰qui
1036 604 1071 663 ad
1081 616 1107 662 te

92 694 118 732 te
129 686 201 732 MSS·
245 682 314 740 haec.
329 682 403 739 Mihi
416 694 463 749 tu,
483 682 540 749 tui,
559 693 606 739 tua
620 680 717 739 omnia
731 679 862 742 maximae
877 696 955 738 curae
966 679 1047 751 sunt,
1065 682 1107 751 δι,

244 758 313 819 dum
326 759 419 817 vivam
434 800 443 827 ‚
463 769 550 815 erunt.

512 908 774 959 EPISTOLA
804 910 844 960 IV.

275 1039 361 1084 ARG.
395 1039 446 1082 Tres
467 1046 537 1097 partes
553 1036 612 1081 behet
626 1038 666 1083 bec
681 1034 790 1098 epistole:
818 1032 935 1099 primaest
954 1036 981 1082 de
997 1038 1105 1101 prepinp

241 1100 294 1146 delii
307 1102 381 1153 exitu,
397 1100 465 1144 estere
476 1099 505 1144 ad
515 1098 662 1158 eonsesairdetm
668 1103 777 1161 pertinet,
792 1102 857 1145 tertia
862 1098 962 1157 studim
978 1114 1005 1145 ae
1021 1101 1104 1163 disign-

242 1168 298 1209 tiem
309 1162 420 1222 pollicetur
429 1165 453 1206 in
462 1164 492 1207 iit
501 1162 560 1207 rebus
575 1176 619 1223 que
635 1163 665 1207 ad
678 1166 811 1226 Torquatum
823 1164 949 1225 pertineant.
984 1160 1103 1226 Scriptus

237 1225 312 1287 paullo
325 1223 369 1284 post
378 1225 508 1284 superiorem
520 1228 662 1287 proximam:
679 1240 729 1271 ntm
744 1229 768 1272 in
779 1224 828 1270 'issa
842 1225 919 1280 dixit,
935 1225 1014 1272 videre
1024 1227 1049 1285 se
1064 1227 1104 1271 exi-

241 1300 289 1334 tum
298 1285 349 1331 belli
356 1303 364 1330 .·
380 1290 404 1333 in
414 1290 453 1332 bae
462 1288 520 1333 idem
530 1287 654 1350 fignificat,
670 1304 718 1334 cum
732 1292 784 1347 et't:
806 1290 877 1335 Nunc
892 1295 992 1335 tannim
1007 1287 1104 1336 videmur

241 1348 373 1412 intelligere
384 1382 391 1404 ,
407 1358 458 1397 nun
470 1348 605 1399 diuturnum
614 1348 716 1399 bellum:
733 1352 760 1403 ὼ
775 1349 799 1395 itt
817 1351 877 1405 ilia,·
887 1350 945 1396 nibil
963 1349 1057 1411 eceeffiffe
1070 1367 1104 1395 ee·

241 1416 270 1458 vi
275 1428 283 1467 3
300 1414 322 1456 in
332 1414 382 1465 tac,
398 1417 452 1458 novi
463 1415 520 1459 nibil
531 1414 568 1474 effe
577 1415 634 1477 quod
640 1414 745 1473 scriberet.
761 1414 803 1466 [Δ.
810 1417 838 1461 V.
846 1410 875 1460 C.
894 1414 1034 1473 nccvu]
1043 1416 1104 1465 ΗΜ

214 1494 218 1511 ·
243 1470 354 1537 ptaeceffit
364 1488 400 1537 ep.
409 1492 446 1525 20.
464 1474 532 1539 hujus
542 1474 608 1532 libri,
624 1474 725 1540 sequinu
735 1488 772 1539 ep.
779 1490 801 1523 2.
818 1472 859 1523 lib.
868 1488 903 1525 rx.

371 1610 414 1673 m.
435 1614 472 1674 r.
493 1616 526 1674 e.
552 1613 588 1675 n.
608 1610 846 1691 TORQUATO
880 1615 906 1673 s,
925 1613 966 1673 n.

304 1755 333 1810 O
343 1772 396 1823 vr,
415 1755 492 1830 quod
505 1753 540 1812 ad
552 1765 580 1810 te
593 1751 754 1823 scriberem,
773 1752 840 1811 nihil
854 1765 925 1811 erut:
948 1754 981 1813 &
998 1766 1102 1825 tamen,

315 1828 334 1888 fi
349 1828 416 1906 quid
430 1829 511 1901 eset,
529 1828 646 1887 sciebam
660 1840 688 1888 te
702 1829 718 1888 b
732 1831 785 1888 tuis
799 1830 947 1889 certiorem
962 1830 1025 1893 fieri
1043 1832 1101 1893 sule·

240 1922 279 1963 re.
317 1906 364 1963 De
377 1907 472 1965 sunnis
486 1918 580 1964 autem
593 1906 671 1963 rebus
687 1906 734 1964 etti
754 1906 860 1981 semper
879 1904 992 1966 difficile
1013 1910 1052 1971 est
1068 1906 1102 1969 di·

242 2000 322 2052 cere,
341 1983 587 2049 tamenjnterdum
607 1982 765 2058 conjciburu
786 1982 865 2058 poffis
892 1984 1006 2058 propius
1034 2002 1102 2046 acce

90 2051 233 2129 uprevide-
242 2058 324 2128 dere,
344 2056 408 2115 cinn
429 2059 467 2117 est
492 2077 534 2117 res
554 2057 711 2134 ejusmodi,
737 2060 812 2134 cujus
833 2060 921 2119 exitus
941 2062 1103 2136 nprovideri

92 2120 206 2240 mem
241 2134 329 2210 poffit.
368 2136 451 2193 Nunc
465 2134 574 2222 tantbm
585 2134 733 2220 ‘invidemur
745 2135 912 2223 intelligere,
931 2154 995 2196 non
1007 2139 1103 2199 diutur-

92 2243 144 2293 Mu.
239 2228 309 2271 num
335 2209 459 2270 bellum:
487 2211 535 2271 etsi
566 2210 682 2286 ldlpsum
708 2212 846 2271 nonnuliis
870 2211 1000 2272 videanu
1027 2214 1102 2275 secut.

1025 2290 1103 2371 riu

236 2434 368 2486 decurtatus
377 2436 403 2485 in
414 2436 515 2501 antiquis
526 2436 643 2488 codicibus
653 2439 749 2504 legitur.
765 2438 862 2503 equidm
871 2426 920 2487 iem
933 2442 977 2489 hee
983 2440 1101 2503 serrum,

236 2504 271 2548 aii
284 2504 324 2548 reid
334 2505 386 2562 jem
400 2503 471 2548 nilum
482 2502 603 2563 putabam:
624 2519 734 2567 nonque,
749 2504 788 2563 fed
806 2504 862 2567 quod
878 2501 979 2564 difficilis
1001 2518 1049 2554 eret
1061 2520 1103 2551 cee-

231 2518 323 2624 jetsura.
341 2570 405 2625 Qrot
418 2575 496 2611 autern
506 2563 580 2613 verbis
593 2564 676 2614 additis
692 2564 806 2614 restitutus
821 2562 867 2622 fit,
883 2568 910 2615 δι
929 2581 1007 2631 quam
1031 2568 1104 2633 aum,

235 2628 312 2690 quivis
323 2641 385 2674 nunc
400 2625 470 2675 videt.
488 2627 568 2691 itaque
584 2626 649 2676 suam
664 2618 804 2677 sententiam
818 2626 945 2691 sequatur:
962 2645 1011 2678 nos
1031 2631 1058 2679 in
1071 2630 1103 2679 bit

235 2688 307 2752 plane
316 2686 410 2736 divulsis
421 2690 446 2738 δι
456 2687 535 2744 stadiis
545 2691 617 2745 locis,
633 2690 692 2738 nibil
708 2689 820 2739 habemus
835 2690 902 2753 quod
917 2692 1007 2741 melius
1023 2689 1102 2743 uffen-

236 2764 296 2799 mus.
321 2754 432 2800 Viisorius.
465 2754 541 2822 Qum
560 2757 656 2817 quemvis
671 2771 742 2802 eorum
756 2758 795 2817 qui
815 2754 943 2815 discesserint
958 2758 1029 2803 alteri
1043 2758 1105 2803 diei·

235 2820 294 2871 eant]
309 2818 346 2861 lta
356 2814 519 2879 Pantagatbun
536 2818 633 2875 vestrim.
667 2821 718 2865 Nec
729 2819 754 2864 in
765 2815 942 2873 meridiebus,
965 2833 1030 2882 quos
1043 2823 1103 2868 Gre·

236 2875 288 2922 vius
298 2876 369 2931 vidit,
385 2892 428 2924 nec
439 2878 489 2925 ullo
500 2878 607 2927 Palatino
617 2879 666 2927 baec
677 2879 760 2937 verba,
775 2894 814 2926 eut
824 2897 897 2927 eorem
907 2884 948 2944 qm·
957 2883 1101 2945 remanserint,

238 2936 337 2989 exstant.
355 2944 462 2989 (invius.

272 3017 306 3060 14.
324 3003 404 3049 Γλαῦκ’
415 3004 445 3050 ire
455 3003 566 3059 ‘Abivard
596 3001 745 3053 Proverbium
760 3004 785 3051 in
801 3018 842 3051 eos
851 3002 984 3063 usitatum,
1000 3008 1043 3072 qui
1059 3020 1103 3056 rent

236 3075 353 3173 tana<¹1uam
365 3079 454 3112 novam
466 3063 572 3112 adferunt
584 3080 626 3121 eo,
643 3065 682 3115 ubi
694 3069 742 3127 jam
751 3064 855 3127 ejusdem
864 3064 897 3114 est
914 3068 1014 3119 infinita
1029 3072 1102 3135 copis,

237 3141 271 3189 qu
294 3125 446 3175 idicerernus
461 3141 549 3190 aquam
565 3140 657 3191 portare
673 3131 698 3177 in
718 3144 790 3179 mace„
824 3130 926 3177 Nostuae
946 3132 1041 3182 Palladi
1056 3146 1102 3181 erm

236 3185 311 3235 essent
320 3188 404 3245 sactu,
419 3189 600 3238 innumerabiles
611 3190 710 3241 Athenis
725 3204 791 3241 erant
805 3192 916 3248 nostuae,
932 3195 1014 3253 viver,
1029 3196 1102 3261 pistre,

235 3247 344 3314 snrlptae,
359 3265 483 3315 tamquam
499 3251 590 3318 insigne
604 3252 672 3319 ipsius
688 3260 750 3304 Deae.
783 3257 863 3303 Utitur
878 3254 967 3305 eodem
983 3256 1101 3323 proverbi·

235 3310 278 3361 lib.
286 3328 322 3362 Π.
339 3330 375 3378 ep.
384 3333 405 3371 3.
423 3318 465 3362 Sed
474 3318 529 3380 quid
539 3333 573 3379 ego
582 3320 623 3363 bec
633 3319 662 3364 ad
672 3331 709 3374 te,
725 3320 784 3378 eujus
795 3318 855 3364 domi
870 3319 988 3378 nascuntur
1001 3330 1013 3369 ἲ
1030 3320 1102 3383 μαῖ’

236 3373 269 3427 ire
281 3376 380 3429 ’Aueiae
396 3377 437 3427 lib.
447 3394 479 3428 11.
496 3378 527 3427 ad
543 3381 659 3444 Quintum
674 3384 779 3429 Fratrem
794 3395 830 3445 ep.
842 3379 886 3430 ult.
904 3386 950 3445 Ege
966 3398 989 3431 te
1004 3386 1100 3435 trema,

237 3436 386 3497 quibamus
401 3445 455 3497 vis,
471 3444 598 3501 adiuvabo,
615 3445 640 3495 ὼ·
654 3444 695 3493 tibi·
710 3444 802 3506 versus,
817 3460 870 3510 quot
884 3460 965 3509 reget,
986 3446 1100 3511 μαῦέἱκ
1118 3445 1124 3465 ’

155 3524 158 3529 -
229 3498 344 3564 sdicitur,
357 3504 431 3553 mitto,
459 3502 629 3566 J.F.Grouur.
1059 3578 1076 3621 b
