2272 4020
186 172 757 242 LrunaSscuunur.
878 198 916 260 77

44 286 90 347 vel
100 284 287 368 diligentiam:
308 290 428 353 nostram
441 292 686 370 suffragationem,
712 288 731 354 si
753 294 842 356 mimis
862 314 914 373 po-

48 376 163 439 tentem,
183 380 242 428 ¹¹¹at
255 371 398 445 probatam
410 382 506 428 tamen
521 414 529 440 ‚
550 370 689 447 &justam
706 416 714 441 ,
734 375 763 430 ὃς
777 373 914 441 debitam,
926 382 952 417 m
967 373 1012 420 atri·
1030 380 1068 425 Μ

48 440 76 501 dt
122 457 238 521 opterea
259 443 367 505 sortasse
389 448 472 505 etiam
503 448 655 523 gratiosam.
693 448 759 507 Dux
780 451 857 507 nobis
884 453 915 508 bc

123 538 220 597 ropus
235 522 289 593 est,
310 524 340 582 &
360 542 458 595 eorum
479 535 628 581 ventorum
645 566 653 592 ,
680 543 750 601 quos
762 526 914 601 proposui,

50 594 203 656 moderator
224 598 338 675 quidam
363 602 393 659 ὅ(
414 598 489 673 quast
502 600 666 675 gubernator
681 620 688 657 ι
709 602 757 676 qui
771 600 791 658 fi
805 618 838 659 ex
852 620 914 661 om·

51 670 120 730 nitus
132 692 205 733 unus
217 674 377 750 noptandus
391 673 472 743 esset;
493 694 578 752 quem
598 691 692 735 tecum
715 678 842 736 conferre
854 681 914 753 pos·
923 702 940 733 n
955 691 998 736 ata·
1007 704 1049 738 ex·-

52 746 148 820 semus,
168 769 228 809 non
241 752 412 810 haberemus.
451 753 668 827 Quamobrem,
695 752 715 811 sr
736 770 783 811 me
804 753 1048 813 mcm0.optaudus.

54 827 160 895 tem,s1
180 838 312 903 gramm,
333 825 353 887 fi
373 829 479 890 bonum
501 830 615 899 virum,
642 829 688 887 vel
708 848 742 887 ex
763 830 819 889 hoc
839 831 913 905 ipso,

54 898 122 975 quod
133 914 192 961 tam
206 905 387 963 vehementer
401 905 435 963 de
449 904 560 964 Milone
574 906 718 964 0laborem
734 949 743 975 ,
763 905 914 965 existimare
924 916 940 948 0
955 906 997 951 arn·

54 988 139 1049 puer:
156 979 178 1038 fi
191 979 307 1056 dignum
321 981 506 1059 denique'tuis
519 981 657 1040 beneficiis
674 982 800 1058 judicas:
820 985 876 1041 hoc
898 962 1015 1041 arabon.

56 1062 80 1109 te
90 1066 151 1129 peto
167 1098 176 1125 ,
195 1068 227 1114 ut
247 1056 386 1116 subvenias
407 1058 472 1115 huic
493 1074 567 1114 meae
586 1058 781 1127 sollicitudini,
801 1072 831 1117 nt
850 1060 915 1116 huic

59 1144 121 1187 meae
131 1130 228 1203 laudi,
248 1133 294 1190 vel
309 1134 351 1207 (ut
371 1132 461 1192 verius
482 1132 591 1209 dicam)
611 1133 718 1209 rpropd
738 1134 813 1193 saluti
833 1146 940 1193 tuumP
955 1136 1002 1206 itti

60 1202 161 1265 sudium
176 1208 259 1268 dices.
297 1211 344 1268 Dc
359 1209 416 1285 ipso
431 1209 574 1268 T.Annio
588 1223 696 1269 tantum
709 1211 757 1268 tibi
771 1211 914 1284 polliceor,
925 1210 1030 1259 propria.

59 1284 196 1360 temajoris
210 1286 321 1357 animi,
341 1287 492 1361 grauitatis,
513 1284 688 1355 constantiae,
707 1286 913 1345 benivolentiae·
951 1292 975 1336 P·
987 1293 1050 1342 xxi.

60 1370 103 1432 que
121 1376 149 1417 et
197 1372 250 1431 te,
270 1361 290 1420 st
311 1362 460 1437 compledii
479 1362 626 1420 hominem
647 1360 789 1429 volucris,
809 1362 914 1420 habitu-

59 1448 135 1495 rflme
157 1440 339 1497 eneminem.
373 1439 447 1496 Mihi
460 1437 527 1495 vero
541 1451 649 1497 tantum
664 1439 769 1496 decoris
778 1456 791 1507 ,·
806 1450 915 1497 tantum

59 1506 180 1597 dgnitatis
201 1513 379 1590 adjunxerit,
413 1526 443 1572 ut
471 1513 591 1572 eundem
612 1528 640 1573 te
662 1513 740 1573 facile
769 1515 915 1589 agnoscam
1002 1583 1008 1592 ¹

57 1583 121 1645 surse
134 1590 185 1647 rin
198 1589 280 1649 laude
295 1609 357 1648 mea
364 1608 381 1660 ⁴,
401 1591 449 1666 qui
463 1591 544 1648 fueris
565 1592 594 1649 in
614 1590 703 1649 salute.
742 1591 821 1664 Eg0,
841 1592 868 1649 ui
889 1592 942 1650 teq
955 1582 986 1656 ἕ(
1000 1597 1026 1630 ¹¹¹

57 1660 137 1721 nuere
151 1664 269 1735 scirem,
290 1666 354 1737 cum
369 1667 404 1725 ad
417 1682 445 1724 te
459 1666 521 1723 haec
535 1665 677 1724 scriberem
693 1710 702 1735 ,
723 1679 857 1741 quantum
872 1670 917 1726 of·
926 1644 976 1692 ‘²¹²¹’

54 1733 98 1796 licii
110 1739 288 1812 sustinerem,
308 1740 496 1876 rquantoXere
512 1742 581 1800 milri
595 1738 660 1800 esset
674 1743 703 1801 iu
717 1743 768 1799 hac
783 1744 937 1816 petitioner
952 1741 995 1784 “li‘'

54 1811 158 1875 Milonis
174 1820 272 1888 omni,
292 1838 349 1877 non
371 1837 421 1876 mo
442 1816 460 1874 b
485 1818 690 1886 contentione,
710 1817 756 1875 sed
777 1819 861 1875 etiam
876 1819 916 1876 di·
925 1813 1063 1866 quantoque

52 1890 195 1951 miratione
223 1893 444 1961 elaborandum,
469 1893 546 1967 plura
572 1892 723 1951 scriberem.
764 1895 848 1951 Nunc
868 1894 917 1953 tibi
926 1879 1002 1927 (ΨΜ

49 1982 160 2027 ornnem
182 1987 244 2028 rem
264 1982 291 2028 at
311 1989 345 2028 ue
361 1969 493 2038 causam,
521 1985 622 2044 meque
638 1982 749 2036 totum,
771 1986 917 2028 commen-

49 2038 83 2101 do
101 2053 223 2121 ²9atque
248 1989 335 2104 trad.
380 2048 479 2103 Unum
506 2044 562 2102 hoc
590 2043 626 2102 fic
655 2044 781 2102 habeto:
808 2044 827 2100 fi
850 2043 866 2102 i
888 2058 917 2103 te

46 2116 114 2177 hanc
128 2138 190 2179 rem
205 2123 395 2197 simpetrato,
421 2139 468 2179 me
489 2118 569 2195 paend
589 2121 648 2196 plus
668 2121 741 2189 tibi,
761 2136 846 2254 {ruam
867 2121 936 2196 ipsis
951 2124 995 2169 aut

45 2193 326 2257 Milonidebiturum.
346 2198 495 2258 nonenim
511 2197 580 2254 mihi
599 2209 656 2255 tam
678 2215 742 2255 mea
773 2197 827 2255 alus
855 2197 1037 2255 earamlffl‘b

43 2270 112 2342 fuit,
132 2272 162 2330 in
176 2291 231 2349 qua
245 2274 383 2351 praecipue
396 2274 455 2332 sum
470 2272 503 2330 ab
517 2272 564 2330 illo
578 2273 682 2349 adjutus
697 2294 703 2331 ι
725 2272 811 2349 quim
831 2274 916 2348 pietas

44 2347 112 2415 erit,
130 2348 161 2407 in
184 2351 325 2408 referenda
338 2351 439 2426 gratia,
455 2348 585 2424 jucunda.
606 2367 669 2407 eam
689 2361 783 2408 autern
799 2360 827 2402 30
836 2351 917 2410 unius

44 2420 188 2491 tuiiludio
201 2443 249 2485 me
262 2423 363 2503 assequi
376 2422 451 2501 posse
466 2423 586 2485 confido.
625 2425 703 2485 Vale.
803 2502 828 2559 E
846 2502 866 2559 P
887 2503 899 2560 Ι

72 2682 111 2723 29·
129 2670 299 2732 oriquerradon
330 2671 407 2733 Auget
417 2663 658 2718 commendationem.
676 2677 752 2722 nam,
767 2664 862 2720 undere,
879 2663 913 2714 est

43 2727 140 2791 alicuius
149 2731 260 2796 potestati
273 2730 434 2787 commatre,
450 2744 475 2780 ut
487 2744 541 2797 agat
552 2733 577 2780 in
592 2744 616 2779 re
626 2730 712 2778 tradita
722 2726 836 2793 quidquid
847 2728 912 2778 velit.

42 2791 107 2855 epist.
117 2810 138 2850 5.
156 2793 264 2845 Lib.v11.
281 2800 359 2842 Torum
369 2797 458 2856 denique
467 2798 571 2841 hominem
581 2795 624 2839 rib·
632 2795 699 2841 trado.
718 2797 748 2840 Et
759 2789 822 2856 epist.
833 2805 851 2839 1.
860 2789 912 2839 Lib.

43 2869 94 2905 xrs.
112 2859 145 2904 Ei
155 2870 177 2903 te
186 2871 255 2905 totum
265 2860 333 2907 trade.
360 2862 391 2905 Et
405 2855 436 2905 ad
450 2862 482 2918 Q
497 2860 533 2907 Fr.
546 2854 609 2921 episi.
625 2872 645 2910 3·
663 2854 754 2905 Libri,
777 2861 872 2901 Domum
886 2854 916 2899 ad

42 2934 89 2963 em
99 2919 180 2978 statim
193 2924 293 2969 venimus
309 2954 316 2977 ,
332 2925 392 2984 eique
407 2937 443 2965 nos
457 2933 509 2966 rator
525 2920 662 2968 tradidimus.
685 2923 707 2967 P.
720 2923 814 2965 Manut.

75 2996 112 3034 3⁰.
129 2986 189 3029 Eam
198 2996 268 3031 autem
284 2986 347 3030 unius
363 2985 399 3029 tui
408 2982 499 3042 studia]
531 2983 566 3029 Sic
581 2982 606 3028 in
620 2980 727 3043 oratione
758 2995 785 3027 ro
800 2976 941 3025 Marcello'

44 3039 71 3088 ¹0
88 3044 167 3093 uitur:
188 3047 300 3110 Qitnon
314 3046 433 3104 inteiligit,
454 3061 479 3089 ex
489 3046 552 3090 unius
567 3047 602 3089 tui
614 3046 685 3092 viram
697 2994 784 3105 pertine
800 3043 918 3085 omnium?

43 3056 93 3153 Eri
112 3119 150 3154 tuo
173 3107 237 3155 unius
251 3107 324 3167 studio
346 3106 371 3154 in
386 3104 501 3154 veteribus
516 3104 588 3153 etlam
606 3104 669 3154 libris
684 3103 787 3152 invenio.
807 3103 918 3151 Corradus.

44 3165 156 3218 affirmat
177 3169 286 3218 audaster
301 3170 437 3216 Laurentius
451 3165 589 3221 vallensis,
609 3168 657 3231 legi
676 3166 759 3215 debere
778 3180 814 3212 ruo
835 3168 917 3220 unius,

45 3228 107 3293 quod
119 3233 156 3280 ita
165 3235 227 3281 ratio
239 3228 529 3298 Grammaticesqpostulet.
551 3233 604 3292 Ego
615 3242 693 3277 nutem
703 3227 773 3277 video
784 3233 917 3276 Varronem

46 3290 113 3341 thro
127 3309 173 3344 111.
192 3295 240 3343 Rei
249 3293 335 3343 rustica
346 3292 429 3341 dixisse
439 3293 469 3340 de
479 3292 549 3340 villar
566 3298 605 3337 ort
617 3325 624 3348 ,
638 3308 704 3354 quum
714 3296 753 3339 hac
762 3291 792 3349 fir
801 3293 917 3337 communis

45 3356 137 3415 uniberfi
149 3361 246 3420 populi,
263 3359 303 3403 ilia
315 3357 383 3419 solius
397 3359 439 3405 tui.
457 3360 523 3404 Beni.
541 3353 615 3400 Rutil
648 3357 697 3400 Cur
715 3365 779 3416 pater
799 3368 865 3401 meus
881 3365 918 3398 ruo

44 3416 165 3468 crediderit
179 3414 290 3484 scripsisse
301 3419 457 3474 Ciceronem,
473 3418 575 3466 rationes
587 3412 658 3465 edidit
668 3413 699 3466 ad
710 3415 842 3467 Plautinam
853 3412 920 3463 Pseu·

42 3478 124 3538 dotum
136 3482 184 3538 edi.
195 3500 217 3539 t.
235 3479 295 3535 scen.
306 3496 326 3536 ι.
341 3482 368 3535 ia
379 3483 503 3549 principio.
520 3482 613 3530 Gronov.
833 3551 862 3596 u
888 3540 923 3585 εκ
994 3550 997 3556 ἡ
