2272 4020
863 42 870 79 i

214 164 274 250 264
333 162 445 229 Errsr.
461 178 510 226 nn
531 158 737 225 Mrrrrruu
758 140 803 221 rr
818 170 983 225 -crrrros

66 349 186 420 ,reru
214 267 599 405 {studuistis
617 265 1104 430 ssstbsrturisdssmqiiiir

68 417 162 483 ’Μὸόί
215 423 357 504 provincia
377 419 489 493 fuisses,
510 419 594 499 (etsi,
613 430 680 481 meo
697 418 828 497 Judrcro,
860 419 929 478 mhrl
947 422 983 481 ud
1002 433 1087 481 tuum

1022 516 1089 574 pro-

216 652 257 705 sed
267 653 299 703 ob
315 652 448 720 potentiam
463 651 602 711 adversarii,
618 652 657 702 vel
672 652 767 715 dionius
784 650 887 715 iudicum
902 649 1032 701 damnatus
1047 648 1084 702 fit.

217 718 274 769 Vid.
287 734 320 768 1v.
334 724 383 769 Pec.
395 724 447 766 Vet.
454 732 476 770 9.
510 717 534 775 J.
542 720 566 767 F.
575 720 670 765 Gronov.

252 799 289 842 14.
307 788 381 829 [ΜΕ
387 787 434 846 Ro
449 784 525 843 ‘va
532 785 570 837 0.]
598 784 650 827 Hos
664 778 747 826 titulos
762 775 911 841 epistolarum
928 776 1087 841 quemadmo-

218 842 277 892 dum
289 844 313 893 in
323 846 425 909 antiquis
441 840 610 905 exemplaribus
626 842 776 896 invenimus,
792 842 825 888 ita
841 837 989 903 scripsimus:
1006 842 1032 890 id
1047 843 1086 891 arri

220 906 303 970 postea
313 906 388 954 fucere
398 905 556 969 neglexerunt.
589 901 661 964 Quod
671 901 689 950 st
699 918 735 950 rcs
750 903 831 968 magni
862 901 957 951 onderis
973 920 1025 954 non
1040 904 1085 961 esi,

219 984 271 1018 non
288 961 320 1016 cst
336 965 432 1017 sortasse
447 980 497 1015 tam
512 968 570 1015 levis
584 980 657 1031 quam
672 963 788 1029 quispiam
806 967 844 1015 eri
865 964 954 1016 'inuret
988 972 1027 1016 Ita
1041 967 1087 1017 fre·

220 1044 321 1096 quenter
336 1028 429 1081 scribere
439 1028 521 1078 solitos
537 1025 583 1077 essc
597 1041 686 1081 veteres
701 1027 791 1075 duobus
807 1028 924 1087 inlotis,
940 1029 1009 1094 quod
1025 1044 1087 1079 nunc

220 1094 385 1150 meminerim,
401 1091 496 1142 testatur
505 1092 603 1140 Cicero:
620 1094 646 1139 in
657 1090 741 1155 quibus
749 1090 822 1139 etiam
837 1105 888 1137 non
903 1106 988 1156 parum
1004 1092 1087 1143 referre

221 1156 311 1212 docet,
327 1156 472 1218 praenomina
481 1167 616 1219 ponuntur,
633 1157 658 1203 δι
676 1154 739 1203 tituli
753 1153 920 1216 honorumque
940 1154 1041 1219 gradus,
1057 1170 1086 1207 au

222 1216 359 1268 nominibus
374 1232 484 1274 tantum,
501 1218 542 1281 qui
557 1215 652 1273 scribit,
668 1230 762 1265 utatur:
780 1216 838 1263 alter
852 1214 885 1264 est
901 1218 926 1265 in
942 1216 1043 1283 epistola
1056 1216 1085 1267 ad

222 1286 244 1329 V
272 1283 380 1330 umnium
390 1299 410 1338 5.
428 1282 494 1346 Qud
505 1280 549 1339 fine
561 1283 699 1343 prauumue,
710 1280 1001 1341 familiariterutdebrbas,
1017 1284 1047 1329 ad
1054 1299 1086 1329 m

222 1282 330 1406 rpssolam
339 1346 433 1405 mrfissi,
455 1346 499 1396 sne.
528 1343 586 1391 alter
601 1343 627 1391 in
642 1344 756 1393 Oratione
770 1356 814 1406 pro
830 1339 905 1395 domo
920 1343 977 1393 sna:
995 1347 1087 1393 Litteras

222 1410 357 1455 inconcione
374 1407 484 1465 recitasti,
509 1421 562 1470 quas
581 1406 623 1452 tis-i
639 1421 653 1451 a
670 1413 691 1457 c.
710 1408 784 1467 caefitrr
802 1407 874 1465 miffar
889 1407 988 1455 diceres.-
1016 1411 1087 1457 Cufi-

222 1473 315 1537 S-A‘R
327 1476 372 1519 Pu
381 1475 505 1532 Ls'HRO.
539 1474 591 1514 (um
605 1471 670 1515 eriam
685 1485 705 1514 cr
720 1481 876 1531 argumentatus
894 1473 976 1517 amoris
995 1471 1035 1533 ff
1052 1475 1086 1519 her

218 1533 321 1595 figrrusn,
335 1550 381 1580 cum
397 1532 515 1580 nominibus
533 1543 618 1577 tantum
637 1544 754 1578 uteretur:
775 1547 839 1593 neque
854 1532 979 1591 adscriberet
999 1538 1086 1583 Proctu-

146 1584 153 1600 ⁸
218 1595 271 1661 sut,
288 1608 326 1641 aut
335 1596 394 1643 Trib.
405 1597 436 1658 pl.
454 1595 487 1642 ita
496 1594 561 1643 enim
572 1593 684 1656 legendus
694 1593 734 1642 ille
744 1595 810 1642 locus
821 1591 866 1649 est,
878 1610 928 1642 non
940 1594 1086 1646 Proconsuli:

218 1659 324 1721 ,pertinet
338 1660 402 1706 enim
414 1657 443 1705 ad
454 1655 569 1705 Caesarem
579 1672 627 1704 vox
638 1657 691 1713 illa,
708 1654 911 1722 quemadmodum
926 1658 973 1706 alia
990 1659 1022 1708 ad
1036 1662 1087 1709 ral-

223 1724 279 1770 chro.
297 1722 403 1773 Tertium
419 1720 555 1784 exemplum
569 1717 614 1771 esse
630 1719 721 1784 potest,
744 1719 828 1783 siquis
842 1719 878 1770 his
897 1734 1025 1771 comentur
1041 1738 1087 1771 non

224 1780 267 1838 srt,
283 1781 363 1833 titulus
374 1782 475 1849 epistolar
487 1788 522 1833 M.
537 1784 648 1839 Antonii,
664 1798 714 1847 qux
730 1783 755 1831 in
766 1796 817 1829 xrrr
829 1781 927 1847 Philipp.
944 1784 1035 1835 inclusa
1049 1784 1085 1839 esi.

223 1846 300 1905 Hujus
310 1860 389 1895 autem
399 1849 424 1896 ὅ(
436 1844 551 1911 sequentis
562 1843 663 1909 epistolae
678 1847 778 1893 nomina
790 1843 854 1893 nuda
867 1842 917 1894 sunt
934 1846 960 1894 in
970 1846 1050 1911 priscis
1064 1851 1088 1899 δι

224 1906 295 1956 bonis
305 1907 376 1961 libris.
395 1911 471 1959 Wsior.
504 1913 577 1977 RUF
584 1914 618 1966 0]
637 1913 665 1958 L.
677 1906 802 1956 Mescinius
815 1907 892 1956 Rufus
905 1907 950 1957 suit
967 1912 1089 1961 Ciceronis

223 1968 251 2018 in
267 1972 352 2020 Cilicia
377 1970 498 2034 Quaestor,
524 1970 586 2019 unde
602 1972 682 2034 paullo
702 1969 753 2035 post
773 1972 915 2019 Ciceronem
935 1969 1089 2032 decesi'rt,&

225 2036 333 2083 Romam
348 2038 431 2092 venit,
453 2037 568 2083 Cicerone
584 2036 632 2093 jum
649 2049 694 2089 orae
709 2034 831 2081 maritimrs
842 2034 959 2099 praefesio.
978 2040 1088 2087 corradus.

223 2098 255 2144 In
265 2110 342 2146 vetere
353 2098 458 2161 quodum
469 2096 529 2145 libro
540 2098 641 2156 Mcscim'o
651 2097 710 2161 Rufo
725 2097 773 2143 hcc
788 2096 885 2160 epistola
904 2096 1051 2159 inscribitur,
1065 2104 1091 2150 8(

223 2159 305 2207 resse:
328 2160 360 2207 est
377 2164 442 2209 enim
455 2160 528 2224 Rufus
543 2157 660 2206 Mesciniae
679 2159 774 2207 familis
795 2174 937 2225 cognomen.
961 2167 990 2217 L.
1013 2177 1091 2214 antem

223 2219 292 2281 hujus
308 2224 408 2281 Mqftim'i
416 2224 488 2289 Qfi,
503 2219 551 2269 sive
565 2223 632 2281 ejus,
647 2234 672 2269 ut
687 2237 733 2286 ego
749 2234 825 2284 puto,
846 2221 891 2269 filii
908 2227 1003 2273 mentio
1019 2226 1053 2274 est
1068 2230 1092 2275 in

223 2282 321 2347 Augusti
337 2283 456 2339 denariis,
475 2299 535 2348 quos
555 2299 610 2331 cum
633 2279 689 2332 effer
711 2286 829 2332 Triumvir
851 2298 953 2333 monetae
979 2288 1092 2337 cudendz

222 2343 324 2466 srgqrvit
339 2362 394 2399 cum
408 2348 479 2395 titulo
509 2352 537 2395 L.
554 2351 766 2405 uncturus,
779 2352 806 2397 L.
824 2351 849 2398 F.
866 2352 961 2397 Rurus
989 2350 1092 2403 111er.

222 2414 323 2456 vrmus.
922 2426 925 2431 ’

259 2488 293 2528 15·
313 2473 358 2531 Erfi
367 2475 422 2519 mihi
431 2489 539 2536 nunquam
555 2475 644 2521 dubium
656 2473 724 2533 fuit]
739 2473 760 2522 Si
771 2487 906 2539 temporum
917 2474 978 2523 ordo
990 2476 1092 2528 servants

223 2531 320 2584 essetab
338 2550 368 2584 eo
383 2537 424 2599 qui
438 2536 480 2584 bns
496 2537 547 2584 cic.
565 2536 673 2600 epistolas
689 2539 768 2586 retulit
782 2539 808 2585 in
823 2538 965 2595 volumina,
982 2542 1091 2604 quaednm

224 2596 263 2660 (ut
280 2596 389 2661 arbitror)
410 2599 478 2647 nobis
493 2600 569 2665 magis
585 2602 656 2663 plana
671 2596 763 2655 essent,
784 2615 861 2674 neque
881 2601 906 2648 in
932 2605 1017 2652 multis
1035 2606 1092 2654 loeis

223 2671 349 2725 tantopere
368 2660 530 2710 haesrtarcmus.
564 2667 638 2718 Haec,
654 2661 697 2710 nisi
718 2663 808 2718 fallor,
823 2664 891 2711 illam
910 2660 975 2727 sequi
992 2666 1091 2717 debebat

223 2725 289 2779 cujus
304 2725 398 2773 initium
411 2723 460 2781 est,
476 2728 568 2788 Qoquo
583 2728 643 2772 mocio
660 2727 788 2787 poruiffem,
804 2742 853 2774 non
870 2727 1006 2789 precedere.
1042 2732 1091 2780 0b·

222 2781 314 2833 scutum
328 2785 361 2834 est
371 2799 450 2835 totum
460 2789 583 2853 negotium
594 2822 600 2843 ,
617 2788 646 2836 dc
673 2803 704 2836 uo
715 2789 753 2837 hic
762 2790 810 2852 agit
823 2805 829 2834 :
846 2787 904 2853 quid
914 2803 997 2840 tamen
1008 2791 1091 2842 sentia-

222 2860 296 2904 mus,
312 2847 382 2896 libere
407 2850 634 2913 pronuntiabimus,
656 2803 714 2899 tsteti
735 2853 843 2915 aequitate
867 2852 994 2904 sessorum.
1028 2860 1090 2904 Cum

222 2908 267 2957 illa
277 2925 326 2957 non
338 2912 415 2959 multo
429 2913 480 2976 posi
490 2927 585 2975 quame
596 2915 716 2977 provincia
731 2916 816 2963 Cicero
831 2913 917 2971 rediit,
939 2915 1025 2982 scripta
1039 2917 1067 2967 srt
1081 2933 1088 2965 t

222 2970 274 3026 hcc
289 2973 338 3034 ianr
351 2971 455 3038 suscepto
465 2976 528 3023 civili
538 2974 616 3031 bello,
628 2979 653 3025 ὃ(
665 2974 731 3040 pulso
742 2992 772 3025 ex
782 2977 852 3025 Italia
863 2981 993 3042 Pompeio,
1009 2978 1090 3046 scriptu

223 3033 264 3084 esi.
298 3034 433 3087 Exornabat
454 3039 502 3097 jam
522 3037 614 3085 Tullius
638 3038 741 3103 fugam,
762 3042 788 3088 δι
808 3041 834 3088 in
854 3038 928 3089 castra
947 3046 1089 3115 Pompei-ans

223 3095 338 3208 qqoficisci
363 3098 501 3164 cogitabat,
525 3099 678 3166 cupiebatque
692 3103 807 3150 comitem
820 3101 906 3151 habere
920 3104 985 3153 iilius
1001 3105 1090 3155 consilii

268 3162 356 3209 itineris
371 3162 474 3211 Rufum:
491 3162 521 3210 de
537 3178 585 3227 quo
600 3161 648 3226 ipse
664 3164 740 3213 Rufus
759 3165 785 3212 in
799 3165 898 3230 epistola
913 3165 952 3215 sua
967 3167 1034 3233 spem
1049 3169 1089 3217 nli·

224 3237 298 3285 qnam
309 3224 420 3274 Ciceroni
434 3223 546 3273 dederat:
567 3225 631 3290 quod
651 3240 733 3275 tamen
748 3240 802 3275 cum
817 3227 899 3292 cupide
920 3231 1009 3281 Cicero
1025 3244 1090 3297 opu·

223 3298 273 3340 ret,
290 3284 395 3335 modeste
405 3301 518 3352 cauteque
528 3304 609 3400 requi:
627 3292 682 3352 quia
692 3304 727 3338 res
743 3291 846 3338 muitum
892 3291 978 3350 riculi,
994 3292 1012 3343 fi
1029 3308 1089 3344 enra-

223 3342 317 3403 naffet‚
332 3347 451 3403 habebat:
473 3352 527 3406 ideo
543 3368 559 3401 o
576 3358 637 3400 icure
651 3352 775 3416 loquitur,
796 3369 826 3401 ne
858 3371 867 3401 r
885 3353 949 3404 sorte
969 3357 1088 3407 litteraeic

224 3408 312 3462 alienas
322 3425 405 3461 manus
416 3412 559 3477 incidissent,
576 3414 666 3483 aliquid
675 3416 734 3468 nuli
742 3415 902 3485 molestiasque
911 3432 941 3472 ers
952 3433 982 3471 ea
992 3436 1019 3475 re
1028 3416 1089 3473 sisci·

224 3485 298 3542 petet.
333 3478 443 3529 Vosrrius.

1015 3553 1051 3601 86.
1065 3546 1091 3595 u
