<?xml version="1.0" encoding="UTF-8"?>
<!DOCTYPE html PUBLIC "-//W3C//DTD XHTML 1.0 Transitional//EN"
    "http://www.w3.org/TR/xhtml1/DTD/xhtml1-transitional.dtd">
<html xmlns="http://www.w3.org/1999/xhtml" xml:lang="en" lang="en">
 <head>
  <title>
</title>
<meta http-equiv="Content-Type" content="text/html;charset=utf-8" />
  <meta name='ocr-system' content='tesseract 3.04.00' />
  <meta name='ocr-capabilities' content='ocr_page ocr_carea ocr_par ocr_line ocrx_word'/>
</head>
<body>
  <div class='ocr_page' id='page_1' title='image "./marcitulliicice06pedigoog_0201.png"; bbox 0 0 2272 4020; ppageno 0'>
   <div class='ocr_carea' id='block_1_1' title="bbox 265 135 1095 230">
    <p class='ocr_par' dir='ltr' id='par_1_1' title="bbox 265 135 1095 230">
     <span class='ocr_line' id='line_1_1' title="bbox 265 135 1095 230; baseline 0.018 -18"><span class='ocrx_word' id='word_1_1' title='bbox 265 135 324 212; x_wconf 80' lang='lat' dir='ltr'>rur</span> <span class='ocrx_word' id='word_1_2' title='bbox 351 142 463 210; x_wconf 72' lang='lat' dir='ltr'>Error..</span> <span class='ocrx_word' id='word_1_3' title='bbox 477 163 528 209; x_wconf 78' lang='lat' dir='ltr'>nn</span> <span class='ocrx_word' id='word_1_4' title='bbox 549 142 630 212; x_wconf 80' lang='lat' dir='ltr'>Suu.</span> <span class='ocrx_word' id='word_1_5' title='bbox 643 144 852 225; x_wconf 82' lang='lat' dir='ltr'>Surrrcrrnr,</span> <span class='ocrx_word' id='word_1_6' title='bbox 872 158 916 212; x_wconf 80' lang='lat' dir='ltr'>rr</span> <span class='ocrx_word' id='word_1_7' title='bbox 938 164 1095 230; x_wconf 69' lang='lat' dir='ltr'>turonos</span> 
     </span>
    </p>
   </div>
   <div class='ocr_carea' id='block_1_2' title="bbox 116 252 1132 496">
    <p class='ocr_par' dir='ltr' id='par_1_2' title="bbox 116 252 1132 496">
     <span class='ocr_line' id='line_1_2' title="bbox 263 252 1132 331; baseline 0.01 -20"><span class='ocrx_word' id='word_1_8' title='bbox 263 252 374 313; x_wconf 90' lang='lat' dir='ltr'>summo</span> <span class='ocrx_word' id='word_1_9' title='bbox 394 253 507 331; x_wconf 88' lang='lat' dir='ltr'>ingenio</span> <span class='ocrx_word' id='word_1_10' title='bbox 523 298 531 323; x_wconf 93' lang='lat'>‚</span> <span class='ocrx_word' id='word_1_11' title='bbox 550 254 656 315; x_wconf 81' lang='lat' dir='ltr'>summu</span> <span class='ocrx_word' id='word_1_12' title='bbox 677 256 777 313; x_wconf 87' lang='lat' dir='ltr'>virtute</span> <span class='ocrx_word' id='word_1_13' title='bbox 797 253 885 312; x_wconf 90' lang='lat' dir='ltr'>filium</span> <span class='ocrx_word' id='word_1_14' title='bbox 905 257 1048 331; x_wconf 84' lang='lat' dir='ltr'>perdidit,</span> <span class='ocrx_word' id='word_1_15' title='bbox 1070 263 1132 321; x_wconf 83' lang='lat' dir='ltr'>5¹i&#39;u</span> 
     </span>
     <span class='ocr_line' id='line_1_3' title="bbox 116 331 1132 417; baseline 0.012 -32"><span class='ocrx_word' id='word_1_16' title='bbox 116 362 134 415; x_wconf 72' lang='lat' dir='ltr'>q</span> <span class='ocrx_word' id='word_1_17' title='bbox 149 351 256 400; x_wconf 57' lang='lat' dir='ltr'>truncus,</span> <span class='ocrx_word' id='word_1_18' title='bbox 264 331 434 405; x_wconf 87' lang='lat' dir='ltr'>temporibus</span> <span class='ocrx_word' id='word_1_19' title='bbox 447 332 575 402; x_wconf 88' lang='lat' dir='ltr'>suerunt,</span> <span class='ocrx_word' id='word_1_20' title='bbox 593 343 625 390; x_wconf 90' lang='lat' dir='ltr'>ut</span> <span class='ocrx_word' id='word_1_21' title='bbox 645 350 744 391; x_wconf 89' lang='lat' dir='ltr'>eorum</span> <span class='ocrx_word' id='word_1_22' title='bbox 757 331 883 417; x_wconf 68' lang='lat' dir='ltr'>‘lluchum</span> <span class='ocrx_word' id='word_1_23' title='bbox 904 333 1027 408; x_wconf 90' lang='lat' dir='ltr'>ipsorum</span> <span class='ocrx_word' id='word_1_24' title='bbox 1047 337 1132 415; x_wconf 87' lang='lat' dir='ltr'>digni·</span> 
     </span>
     <span class='ocr_line' id='line_1_4' title="bbox 116 407 1131 496; baseline 0.016 -38"><span class='ocrx_word' id='word_1_25' title='bbox 116 412 234 461; x_wconf 65' lang='lat' dir='ltr'>aoraton.</span> <span class='ocrx_word' id='word_1_26' title='bbox 264 416 304 463; x_wconf 85' lang='lat' dir='ltr'>tas</span> <span class='ocrx_word' id='word_1_27' title='bbox 318 407 503 467; x_wconf 82' lang='lat' dir='ltr'>consolaretur</span> <span class='ocrx_word' id='word_1_28' title='bbox 516 426 565 479; x_wconf 78' lang='lat' dir='ltr'>eu,</span> <span class='ocrx_word' id='word_1_29' title='bbox 578 426 671 496; x_wconf 71' lang='lat' dir='ltr'>⁸quam</span> <span class='ocrx_word' id='word_1_30' title='bbox 683 427 717 467; x_wconf 85' lang='lat' dir='ltr'>ex</span> <span class='ocrx_word' id='word_1_31' title='bbox 731 408 867 494; x_wconf 84' lang='lat' dir='ltr'>repubhca</span> <span class='ocrx_word' id='word_1_32' title='bbox 887 409 1131 488; x_wconf 82' lang='lat' dir='ltr'>consequebantur.</span> 
     </span>
    </p>
   </div>
   <div class='ocr_carea' id='block_1_3' title="bbox 114 482 1130 697">
    <p class='ocr_par' dir='ltr' id='par_1_3' title="bbox 114 482 1130 697">
     <span class='ocr_line' id='line_1_5' title="bbox 114 482 1130 595; baseline 0.01 -55"><span class='ocrx_word' id='word_1_33' title='bbox 114 484 220 595; x_wconf 48' lang='lat' dir='ltr'>ff?</span> <span class='ocrx_word' id='word_1_34' title='bbox 265 482 340 542; x_wconf 84' lang='lat' dir='ltr'>Mihi</span> <span class='ocrx_word' id='word_1_35' title='bbox 351 496 481 554; x_wconf 77' lang='lat' dir='ltr'>rautem,</span> <span class='ocrx_word' id='word_1_36' title='bbox 500 486 599 547; x_wconf 76' lang='lat' dir='ltr'>amisus</span> <span class='ocrx_word' id='word_1_37' title='bbox 612 486 781 545; x_wconf 83' lang='lat' dir='ltr'><strong>ornamentis</strong></span> <span class='ocrx_word' id='word_1_38' title='bbox 794 485 842 570; x_wconf 67' lang='lat' dir='ltr'>ire,</span> <span class='ocrx_word' id='word_1_39' title='bbox 857 502 921 562; x_wconf 85' lang='lat' dir='ltr'>quae</span> <span class='ocrx_word' id='word_1_40' title='bbox 934 485 989 561; x_wconf 91' lang='lat' dir='ltr'>ipse</span> <span class='ocrx_word' id='word_1_41' title='bbox 1003 506 1130 550; x_wconf 88' lang='lat' dir='ltr'>comme·</span> 
     </span>
     <span class='ocr_line' id='line_1_6' title="bbox 114 560 1129 697; baseline 0.012 -81"><span class='ocrx_word' id='word_1_42' title='bbox 114 598 183 645; x_wconf 40' lang='lat' dir='ltr'>MSS·</span> <span class='ocrx_word' id='word_1_43' title='bbox 265 576 502 697; x_wconf 60' lang='lat' dir='ltr'>moras,quaeque</span> <span class='ocrx_word' id='word_1_44' title='bbox 516 580 591 621; x_wconf 77' lang='lat' dir='ltr'>erem</span> <span class='ocrx_word' id='word_1_45' title='bbox 605 562 733 621; x_wconf 82' lang='lat' dir='ltr'>maximis</span> <span class='ocrx_word' id='word_1_46' title='bbox 744 560 879 620; x_wconf 85' lang='lat' dir='ltr'>laborrbus</span> <span class='ocrx_word' id='word_1_47' title='bbox 893 562 1023 639; x_wconf 87' lang='lat' dir='ltr'>adeptus:</span> <span class='ocrx_word' id='word_1_48' title='bbox 1042 584 1129 628; x_wconf 85' lang='lat' dir='ltr'>unum</span> 
     </span>
    </p>
   </div>
   <div class='ocr_carea' id='block_1_4' title="bbox 111 638 1128 866">
    <p class='ocr_par' dir='ltr' id='par_1_4' title="bbox 111 638 1128 866">
     <span class='ocr_line' id='line_1_7' title="bbox 262 638 1128 713; baseline 0.013 -20"><span class='ocrx_word' id='word_1_49' title='bbox 262 638 391 697; x_wconf 82' lang='lat' dir='ltr'>manebat</span> <span class='ocrx_word' id='word_1_50' title='bbox 403 638 450 696; x_wconf 93' lang='lat' dir='ltr'>illu</span> <span class='ocrx_word' id='word_1_51' title='bbox 481 638 625 709; x_wconf 86' lang='lat' dir='ltr'>solatium,</span> <span class='ocrx_word' id='word_1_52' title='bbox 663 638 722 697; x_wconf 90' lang='lat' dir='ltr'>uod</span> <span class='ocrx_word' id='word_1_53' title='bbox 735 648 861 713; x_wconf 90' lang='lat' dir='ltr'>ereptum</span> <span class='ocrx_word' id='word_1_54' title='bbox 875 638 921 696; x_wconf 89' lang='lat' dir='ltr'>est.</span> <span class='ocrx_word' id='word_1_55' title='bbox 940 640 1010 699; x_wconf 90' lang='lat' dir='ltr'>Non</span> <span class='ocrx_word' id='word_1_56' title='bbox 1024 643 1128 703; x_wconf 85' lang='lat' dir='ltr'>amico-</span> 
     </span>
     <span class='ocr_line' id='line_1_8' title="bbox 261 658 1127 792; baseline 0.015 -24"><span class='ocrx_word' id='word_1_57' title='bbox 261 728 323 771; x_wconf 88' lang='lat' dir='ltr'>rum</span> <span class='ocrx_word' id='word_1_58' title='bbox 337 716 469 790; x_wconf 85' lang='lat' dir='ltr'>negotiis,</span> <span class='ocrx_word' id='word_1_59' title='bbox 491 733 549 774; x_wconf 91' lang='lat' dir='ltr'>non</span> <span class='ocrx_word' id='word_1_60' title='bbox 562 658 720 791; x_wconf 56' lang='lat' dir='ltr'>reipuldicae</span> <span class='ocrx_word' id='word_1_61' title='bbox 733 715 926 791; x_wconf 83' lang='lat' dir='ltr'>procuratione</span> <span class='ocrx_word' id='word_1_62' title='bbox 938 716 1127 792; x_wconf 75' lang='lat' dir='ltr'>impedieban-</span> 
     </span>
     <span class='ocr_line' id='line_1_9' title="bbox 111 784 1126 866; baseline 0.015 -23"><span class='ocrx_word' id='word_1_63' title='bbox 111 802 124 835; x_wconf 77' lang='lat' dir='ltr'>s</span> <span class='ocrx_word' id='word_1_64' title='bbox 139 784 172 833; x_wconf 72' lang='lat' dir='ltr'>rra</span> <span class='ocrx_word' id='word_1_65' title='bbox 181 790 251 837; x_wconf 80' lang='lat' dir='ltr'><em>MSS·</em></span> <span class='ocrx_word' id='word_1_66' title='bbox 260 800 304 846; x_wconf 85' lang='lat' dir='ltr'>tur</span> <span class='ocrx_word' id='word_1_67' title='bbox 318 793 498 866; x_wconf 82' lang='lat' dir='ltr'>cogitationes</span> <span class='ocrx_word' id='word_1_68' title='bbox 512 809 585 849; x_wconf 86' lang='lat' dir='ltr'>meae</span> <span class='ocrx_word' id='word_1_69' title='bbox 599 812 607 849; x_wconf 91' lang='lat'>:</span> <span class='ocrx_word' id='word_1_70' title='bbox 627 792 695 851; x_wconf 88' lang='lat' dir='ltr'>nihil</span> <span class='ocrx_word' id='word_1_71' title='bbox 715 792 744 851; x_wconf 92' lang='lat' dir='ltr'>in</span> <span class='ocrx_word' id='word_1_72' title='bbox 758 792 821 850; x_wconf 90' lang='lat' dir='ltr'>soro</span> <span class='ocrx_word' id='word_1_73' title='bbox 835 808 915 866; x_wconf 83' lang='lat' dir='ltr'>agere</span> <span class='ocrx_word' id='word_1_74' title='bbox 929 793 1062 855; x_wconf 67' lang='lat' dir='ltr'>⁸hbebnt:</span> <span class='ocrx_word' id='word_1_75' title='bbox 1082 798 1126 857; x_wconf 81' lang='lat' dir='ltr'>ad·</span> 
     </span>
    </p>
   </div>
   <div class='ocr_carea' id='block_1_5' title="bbox 110 851 1124 1027">
    <p class='ocr_par' dir='ltr' id='par_1_5' title="bbox 110 851 1124 1027">
     <span class='ocr_line' id='line_1_10' title="bbox 112 851 1124 960; baseline 0.021 -45"><span class='ocrx_word' id='word_1_76' title='bbox 112 851 220 960; x_wconf 53' lang='lat' dir='ltr'><strong>ffigfice·</strong></span> <span class='ocrx_word' id='word_1_77' title='bbox 259 864 360 939; x_wconf 88' lang='lat' dir='ltr'>spicere</span> <span class='ocrx_word' id='word_1_78' title='bbox 383 869 485 925; x_wconf 86' lang='lat' dir='ltr'>curiam</span> <span class='ocrx_word' id='word_1_79' title='bbox 505 886 565 925; x_wconf 92' lang='lat' dir='ltr'>non</span> <span class='ocrx_word' id='word_1_80' title='bbox 585 880 734 943; x_wconf 87' lang='lat' dir='ltr'>poteram:</span> <span class='ocrx_word' id='word_1_81' title='bbox 756 865 967 937; x_wconf 83' lang='lat' dir='ltr'>existimabam,</span> <span class='ocrx_word' id='word_1_82' title='bbox 993 869 1023 929; x_wconf 84' lang='lat' dir='ltr'>id</span> <span class='ocrx_word' id='word_1_83' title='bbox 1050 874 1124 951; x_wconf 88' lang='lat' dir='ltr'>quod</span> 
     </span>
     <span class='ocr_line' id='line_1_11' title="bbox 110 943 1123 1027; baseline 0.017 -34"><span class='ocrx_word' id='word_1_84' title='bbox 110 948 182 1023; x_wconf 47' lang='lat' dir='ltr'>tuiz</span> <span class='ocrx_word' id='word_1_85' title='bbox 196 954 340 1027; x_wconf 62' lang='lat' dir='ltr'>metat,</span> <span class='ocrx_word' id='word_1_86' title='bbox 368 962 466 1003; x_wconf 90' lang='lat' dir='ltr'>omnes</span> <span class='ocrx_word' id='word_1_87' title='bbox 496 953 560 1001; x_wconf 89' lang='lat' dir='ltr'>tme</span> <span class='ocrx_word' id='word_1_88' title='bbox 581 947 611 1003; x_wconf 77' lang='grc' dir='ltr'>δι</span> <span class='ocrx_word' id='word_1_89' title='bbox 638 943 774 1002; x_wconf 72' lang='lat' dir='ltr'>industriae</span> <span class='ocrx_word' id='word_1_90' title='bbox 795 961 869 1002; x_wconf 89' lang='lat' dir='ltr'>meae</span> <span class='ocrx_word' id='word_1_91' title='bbox 888 944 991 1005; x_wconf 71' lang='lat' dir='ltr'>nunus</span> <span class='ocrx_word' id='word_1_92' title='bbox 1018 947 1050 1008; x_wconf 77' lang='grc' dir='ltr'>δι</span> <span class='ocrx_word' id='word_1_93' title='bbox 1070 950 1123 1009; x_wconf 89' lang='lat' dir='ltr'>for·</span> 
     </span>
    </p>
   </div>
   <div class='ocr_carea' id='block_1_6' title="bbox 41 1018 1124 1621">
    <p class='ocr_par' dir='ltr' id='par_1_6' title="bbox 256 1018 1124 1095">
     <span class='ocr_line' id='line_1_12' title="bbox 256 1018 1124 1095; baseline 0.012 -19"><span class='ocrx_word' id='word_1_94' title='bbox 256 1028 333 1076; x_wconf 83' lang='lat' dir='ltr'>tunae</span> <span class='ocrx_word' id='word_1_95' title='bbox 347 1018 496 1095; x_wconf 81' lang='lat' dir='ltr'>perdidisse.</span> <span class='ocrx_word' id='word_1_96' title='bbox 536 1020 614 1090; x_wconf 88' lang='lat' dir='ltr'>Sed,</span> <span class='ocrx_word' id='word_1_97' title='bbox 632 1020 698 1079; x_wconf 83' lang='lat' dir='ltr'>cum</span> <span class='ocrx_word' id='word_1_98' title='bbox 719 1020 894 1095; x_wconf 77' lang='lat' dir='ltr'>cogitarem,</span> <span class='ocrx_word' id='word_1_99' title='bbox 913 1021 976 1081; x_wconf 89' lang='lat' dir='ltr'>haec</span> <span class='ocrx_word' id='word_1_100' title='bbox 995 1026 1066 1085; x_wconf 86' lang='lat' dir='ltr'>mihi</span> <span class='ocrx_word' id='word_1_101' title='bbox 1084 1038 1124 1085; x_wconf 89' lang='lat' dir='ltr'>te·</span> 
     </span>
    </p>

    <p class='ocr_par' dir='ltr' id='par_1_7' title="bbox 41 1094 1121 1621">
     <span class='ocr_line' id='line_1_13' title="bbox 106 1094 1121 1173; baseline 0.012 -23"><span class='ocrx_word' id='word_1_102' title='bbox 106 1107 124 1140; x_wconf 81' lang='lat' dir='ltr'>v</span> <span class='ocrx_word' id='word_1_103' title='bbox 138 1094 182 1139; x_wconf 71' lang='lat' dir='ltr'>am·</span> <span class='ocrx_word' id='word_1_104' title='bbox 195 1096 344 1163; x_wconf 78' lang='lat' dir='ltr'>aliiscutn,</span> <span class='ocrx_word' id='word_1_105' title='bbox 371 1098 400 1154; x_wconf 88' lang='lat'>&amp;</span> <span class='ocrx_word' id='word_1_106' title='bbox 421 1115 485 1155; x_wconf 90' lang='lat' dir='ltr'>cum</span> <span class='ocrx_word' id='word_1_107' title='bbox 507 1097 667 1173; x_wconf 86' lang='lat' dir='ltr'>quibusdam</span> <span class='ocrx_word' id='word_1_108' title='bbox 686 1094 763 1154; x_wconf 81' lang='lat' dir='ltr'>velle</span> <span class='ocrx_word' id='word_1_109' title='bbox 789 1099 974 1157; x_wconf 84' lang='lat' dir='ltr'>communia:</span> <span class='ocrx_word' id='word_1_110' title='bbox 1001 1100 1033 1159; x_wconf 76' lang='grc' dir='ltr'>δι</span> <span class='ocrx_word' id='word_1_111' title='bbox 1060 1100 1121 1162; x_wconf 81' lang='lat' dir='ltr'>eum</span> 
     </span>
     <span class='ocr_line' id='line_1_14' title="bbox 41 1153 1121 1261; baseline 0.017 -39"><span class='ocrx_word' id='word_1_112' title='bbox 41 1210 45 1222; x_wconf 91' lang='lat'>.</span> <span class='ocrx_word' id='word_1_113' title='bbox 108 1153 161 1205; x_wconf 77' lang='lat' dir='ltr'>effe.</span> <span class='ocrx_word' id='word_1_114' title='bbox 254 1171 410 1246; x_wconf 82' lang='lat' dir='ltr'>frangerem</span> <span class='ocrx_word' id='word_1_115' title='bbox 421 1174 481 1249; x_wconf 84' lang='lat' dir='ltr'>jam</span> <span class='ocrx_word' id='word_1_116' title='bbox 494 1174 548 1249; x_wconf 92' lang='lat' dir='ltr'>ipse</span> <span class='ocrx_word' id='word_1_117' title='bbox 563 1191 627 1243; x_wconf 86' lang='lat' dir='ltr'>me,</span> <span class='ocrx_word' id='word_1_118' title='bbox 647 1190 834 1261; x_wconf 75' lang='lat' dir='ltr'>cogeremque</span> <span class='ocrx_word' id='word_1_119' title='bbox 853 1174 897 1232; x_wconf 87' lang='lat' dir='ltr'>illa</span> <span class='ocrx_word' id='word_1_120' title='bbox 911 1174 982 1234; x_wconf 88' lang='lat' dir='ltr'>ferre</span> <span class='ocrx_word' id='word_1_121' title='bbox 1001 1176 1121 1241; x_wconf 80' lang='lat' dir='ltr'>toleran-</span> 
     </span>
     <span class='ocr_line' id='line_1_15' title="bbox 254 1248 1120 1327; baseline 0.012 -22"><span class='ocrx_word' id='word_1_122' title='bbox 254 1256 313 1315; x_wconf 88' lang='lat' dir='ltr'>ter,</span> <span class='ocrx_word' id='word_1_123' title='bbox 332 1248 466 1308; x_wconf 83' lang='lat' dir='ltr'>habebam</span> <span class='ocrx_word' id='word_1_124' title='bbox 486 1248 544 1326; x_wconf 87' lang='lat' dir='ltr'>qub</span> <span class='ocrx_word' id='word_1_125' title='bbox 566 1252 747 1325; x_wconf 86' lang='lat' dir='ltr'>confugerem</span> <span class='ocrx_word' id='word_1_126' title='bbox 763 1293 771 1318; x_wconf 93' lang='lat'>,</span> <span class='ocrx_word' id='word_1_127' title='bbox 798 1250 844 1309; x_wconf 85' lang='lat' dir='ltr'>ubi</span> <span class='ocrx_word' id='word_1_128' title='bbox 872 1251 1120 1327; x_wconf 87' lang='lat' dir='ltr'>conquiescerem,</span> 
     </span>
     <span class='ocr_line' id='line_1_16' title="bbox 257 1325 1120 1409; baseline 0.013 -29"><span class='ocrx_word' id='word_1_129' title='bbox 257 1327 334 1400; x_wconf 86' lang='lat' dir='ltr'>cujus</span> <span class='ocrx_word' id='word_1_130' title='bbox 348 1326 376 1384; x_wconf 90' lang='lat' dir='ltr'>in</span> <span class='ocrx_word' id='word_1_131' title='bbox 397 1326 523 1385; x_wconf 91' lang='lat' dir='ltr'>sermone</span> <span class='ocrx_word' id='word_1_132' title='bbox 544 1328 573 1384; x_wconf 89' lang='lat'>&amp;</span> <span class='ocrx_word' id='word_1_133' title='bbox 593 1325 723 1385; x_wconf 84' lang='lat' dir='ltr'>suavitate</span> <span class='ocrx_word' id='word_1_134' title='bbox 744 1344 842 1385; x_wconf 90' lang='lat' dir='ltr'>omnes</span> <span class='ocrx_word' id='word_1_135' title='bbox 862 1344 939 1385; x_wconf 83' lang='lat' dir='ltr'>curus</span> <span class='ocrx_word' id='word_1_136' title='bbox 958 1328 1120 1409; x_wconf 86' lang='lat' dir='ltr'>doloresque</span> 
     </span>
     <span class='ocr_line' id='line_1_17' title="bbox 255 1400 1118 1479; baseline 0.014 -23"><span class='ocrx_word' id='word_1_137' title='bbox 255 1400 434 1474; x_wconf 84' lang='lat' dir='ltr'>deponerem.</span> <span class='ocrx_word' id='word_1_138' title='bbox 473 1403 558 1461; x_wconf 91' lang='lat' dir='ltr'>Nunc</span> <span class='ocrx_word' id='word_1_139' title='bbox 579 1415 697 1471; x_wconf 85' lang='lat' dir='ltr'>autern,</span> <span class='ocrx_word' id='word_1_140' title='bbox 721 1402 778 1461; x_wconf 92' lang='lat' dir='ltr'>hoc</span> <span class='ocrx_word' id='word_1_141' title='bbox 805 1413 863 1462; x_wconf 85' lang='lat' dir='ltr'>tam</span> <span class='ocrx_word' id='word_1_142' title='bbox 883 1404 960 1479; x_wconf 85' lang='lat' dir='ltr'>gravi</span> <span class='ocrx_word' id='word_1_143' title='bbox 986 1406 1118 1479; x_wconf 88' lang='lat' dir='ltr'>uulnere,</span> 
     </span>
     <span class='ocr_line' id='line_1_18' title="bbox 255 1474 1117 1557; baseline 0.012 -24"><span class='ocrx_word' id='word_1_144' title='bbox 255 1478 338 1535; x_wconf 86' lang='lat' dir='ltr'>etiam</span> <span class='ocrx_word' id='word_1_145' title='bbox 351 1478 411 1550; x_wconf 83' lang='lat' dir='ltr'>illa,</span> <span class='ocrx_word' id='word_1_146' title='bbox 433 1488 458 1533; x_wconf 82' lang='lat'>52</span> <span class='ocrx_word' id='word_1_147' title='bbox 467 1497 531 1556; x_wconf 85' lang='lat' dir='ltr'>quae</span> <span class='ocrx_word' id='word_1_148' title='bbox 546 1474 713 1540; x_wconf 81' lang='lat' dir='ltr'>consanuisse</span> <span class='ocrx_word' id='word_1_149' title='bbox 726 1478 903 1549; x_wconf 79' lang='lat' dir='ltr'>videbantur,</span> <span class='ocrx_word' id='word_1_150' title='bbox 917 1482 1117 1557; x_wconf 87' lang='lat' dir='ltr'>recrudescunt.</span> 
     </span>
     <span class='ocr_line' id='line_1_19' title="bbox 721 1562 1117 1621; baseline 0.008 -3"><span class='ocrx_word' id='word_1_151' title='bbox 721 1572 725 1584; x_wconf 91' lang='grc'><strong><em>·</em></strong></span> <span class='ocrx_word' id='word_1_152' title='bbox 1051 1562 1117 1621; x_wconf 88' lang='grc' dir='ltr'>Νοι</span> 
     </span>
    </p>
   </div>
   <div class='ocr_carea' id='block_1_7' title="bbox 190 1714 1136 3599">
    <p class='ocr_par' dir='ltr' id='par_1_8' title="bbox 190 1714 1136 3599">
     <span class='ocr_line' id='line_1_20' title="bbox 284 1714 1115 1783; baseline 0.001 -17"><span class='ocrx_word' id='word_1_153' title='bbox 284 1732 320 1774; x_wconf 82' lang='grc' dir='ltr'>ςι.</span> <span class='ocrx_word' id='word_1_154' title='bbox 336 1721 369 1764; x_wconf 76' lang='lat' dir='ltr'>lis</span> <span class='ocrx_word' id='word_1_155' title='bbox 378 1721 504 1783; x_wconf 63' lang='lat' dir='ltr'>temporisne</span> <span class='ocrx_word' id='word_1_156' title='bbox 514 1719 622 1778; x_wconf 75' lang='lat' dir='ltr'>fuerunt,</span> <span class='ocrx_word' id='word_1_157' title='bbox 641 1730 666 1765; x_wconf 75' lang='lat' dir='ltr'>ut</span> <span class='ocrx_word' id='word_1_158' title='bbox 680 1734 713 1766; x_wconf 81' lang='lat' dir='ltr'>eor</span> <span class='ocrx_word' id='word_1_159' title='bbox 726 1730 774 1764; x_wconf 81' lang='lat' dir='ltr'>tum</span> <span class='ocrx_word' id='word_1_160' title='bbox 788 1714 880 1780; x_wconf 64' lang='lat' dir='ltr'>ipfitm</span> <span class='ocrx_word' id='word_1_161' title='bbox 894 1717 989 1778; x_wconf 74' lang='lat' dir='ltr'>dr‘gm&#39;m</span> <span class='ocrx_word' id='word_1_162' title='bbox 1002 1719 1115 1780; x_wconf 67' lang='lat' dir='ltr'>confisur-</span> 
     </span>
     <span class='ocr_line' id='line_1_21' title="bbox 248 1780 1061 1839; baseline 0.004 -12"><span class='ocrx_word' id='word_1_163' title='bbox 248 1788 306 1839; x_wconf 85' lang='lat' dir='ltr'>rur.]</span> <span class='ocrx_word' id='word_1_164' title='bbox 321 1784 374 1829; x_wconf 82' lang='lat' dir='ltr'>Nos</span> <span class='ocrx_word' id='word_1_165' title='bbox 385 1782 576 1838; x_wconf 84' lang='lat' dir='ltr'>emendavimus,</span> <span class='ocrx_word' id='word_1_166' title='bbox 591 1797 615 1829; x_wconf 78' lang='lat' dir='ltr'>ur</span> <span class='ocrx_word' id='word_1_167' title='bbox 624 1799 695 1829; x_wconf 80' lang='lat' dir='ltr'>rrrrrm</span> <span class='ocrx_word' id='word_1_168' title='bbox 705 1782 799 1835; x_wconf 65' lang='lat' dir='ltr'>sursum,</span> <span class='ocrx_word' id='word_1_169' title='bbox 814 1786 949 1827; x_wconf 74' lang='lat' dir='ltr'>nectamen</span> <span class='ocrx_word' id='word_1_170' title='bbox 959 1780 1010 1833; x_wconf 70' lang='lat' dir='ltr'>hec</span> <span class='ocrx_word' id='word_1_171' title='bbox 1025 1783 1061 1831; x_wconf 88' lang='lat' dir='ltr'>int</span> 
     </span>
     <span class='ocr_line' id='line_1_22' title="bbox 250 1840 1112 1911; baseline 0.003 -20"><span class='ocrx_word' id='word_1_172' title='bbox 250 1842 284 1891; x_wconf 85' lang='lat' dir='ltr'>eil</span> <span class='ocrx_word' id='word_1_173' title='bbox 295 1844 366 1892; x_wconf 78' lang='lat' dir='ltr'>leuto</span> <span class='ocrx_word' id='word_1_174' title='bbox 375 1843 401 1892; x_wconf 86' lang='lat' dir='ltr'>in</span> <span class='ocrx_word' id='word_1_175' title='bbox 411 1849 510 1911; x_wconf 86' lang='lat' dir='ltr'>antiquo</span> <span class='ocrx_word' id='word_1_176' title='bbox 520 1844 660 1911; x_wconf 78' lang='lat' dir='ltr'>exemplari,</span> <span class='ocrx_word' id='word_1_177' title='bbox 676 1840 719 1892; x_wconf 82' lang='lat' dir='ltr'>ersi</span> <span class='ocrx_word' id='word_1_178' title='bbox 733 1845 781 1903; x_wconf 74' lang='lat' dir='ltr'>eius</span> <span class='ocrx_word' id='word_1_179' title='bbox 796 1857 846 1890; x_wconf 90' lang='lat' dir='ltr'>non</span> <span class='ocrx_word' id='word_1_180' title='bbox 860 1855 933 1904; x_wconf 77' lang='lat' dir='ltr'>parva</span> <span class='ocrx_word' id='word_1_181' title='bbox 948 1840 1047 1909; x_wconf 74' lang='lat' dir='ltr'>vestigia</span> <span class='ocrx_word' id='word_1_182' title='bbox 1095 1858 1112 1895; x_wconf 91' lang='lat' dir='ltr'>t.</span> 
     </span>
     <span class='ocr_line' id='line_1_23' title="bbox 250 1904 1113 1973; baseline 0.003 -21"><span class='ocrx_word' id='word_1_183' title='bbox 250 1904 288 1952; x_wconf 75' lang='lat' dir='ltr'>nic</span> <span class='ocrx_word' id='word_1_184' title='bbox 297 1908 362 1955; x_wconf 86' lang='lat' dir='ltr'>enim</span> <span class='ocrx_word' id='word_1_185' title='bbox 371 1906 403 1956; x_wconf 90' lang='lat' dir='ltr'>ibi</span> <span class='ocrx_word' id='word_1_186' title='bbox 412 1905 521 1973; x_wconf 82' lang='lat' dir='ltr'>scriptum</span> <span class='ocrx_word' id='word_1_187' title='bbox 531 1910 628 1972; x_wconf 81' lang='lat' dir='ltr'>reperias</span> <span class='ocrx_word' id='word_1_188' title='bbox 640 1942 647 1963; x_wconf 87' lang='lat'>‚</span> <span class='ocrx_word' id='word_1_189' title='bbox 662 1922 686 1955; x_wconf 78' lang='lat' dir='ltr'>ut</span> <span class='ocrx_word' id='word_1_190' title='bbox 701 1908 836 1961; x_wconf 77' lang='lat' dir='ltr'>eorumdum,</span> <span class='ocrx_word' id='word_1_191' title='bbox 852 1906 944 1967; x_wconf 73' lang='lat' dir='ltr'>rpsorum</span> <span class='ocrx_word' id='word_1_192' title='bbox 958 1907 1053 1967; x_wconf 75' lang='lat' dir='ltr'>dignitas</span> <span class='ocrx_word' id='word_1_193' title='bbox 1068 1926 1113 1955; x_wconf 79' lang='lat' dir='ltr'>cor·</span> 
     </span>
     <span class='ocr_line' id='line_1_24' title="bbox 244 1966 1112 2035; baseline 0.002 -20"><span class='ocrx_word' id='word_1_194' title='bbox 244 1970 363 2029; x_wconf 71' lang='lat' dir='ltr'>solaretur,</span> <span class='ocrx_word' id='word_1_195' title='bbox 380 1974 481 2019; x_wconf 89' lang='lat' dir='ltr'>omnino</span> <span class='ocrx_word' id='word_1_196' title='bbox 490 1985 608 2035; x_wconf 89' lang='lat' dir='ltr'>corrupte,</span> <span class='ocrx_word' id='word_1_197' title='bbox 624 1968 667 2018; x_wconf 87' lang='lat' dir='ltr'>nisr</span> <span class='ocrx_word' id='word_1_198' title='bbox 678 1982 732 2018; x_wconf 82' lang='lat' dir='ltr'>eam</span> <span class='ocrx_word' id='word_1_199' title='bbox 742 1966 1029 2032; x_wconf 78' lang='lat' dir='ltr'>aliquantulumadjuves.</span> <span class='ocrx_word' id='word_1_200' title='bbox 1061 1974 1112 2021; x_wconf 76' lang='lat' dir='ltr'>Nos</span> 
     </span>
     <span class='ocr_line' id='line_1_25' title="bbox 250 2027 1111 2095; baseline 0.005 -16"><span class='ocrx_word' id='word_1_201' title='bbox 250 2030 312 2081; x_wconf 90' lang='lat' dir='ltr'>hanc</span> <span class='ocrx_word' id='word_1_202' title='bbox 323 2049 403 2082; x_wconf 78' lang='lat' dir='ltr'>veram</span> <span class='ocrx_word' id='word_1_203' title='bbox 412 2032 458 2083; x_wconf 85' lang='lat' dir='ltr'>esse</span> <span class='ocrx_word' id='word_1_204' title='bbox 467 2034 534 2095; x_wconf 77' lang='lat' dir='ltr'>huius</span> <span class='ocrx_word' id='word_1_205' title='bbox 545 2036 593 2082; x_wconf 89' lang='lat' dir='ltr'>loci</span> <span class='ocrx_word' id='word_1_206' title='bbox 602 2033 730 2081; x_wconf 74' lang='lat' dir='ltr'>senionem</span> <span class='ocrx_word' id='word_1_207' title='bbox 740 2031 843 2080; x_wconf 79' lang='lat' dir='ltr'>arbitrati</span> <span class='ocrx_word' id='word_1_208' title='bbox 854 2027 937 2079; x_wconf 83' lang='lat' dir='ltr'>sumus.</span> <span class='ocrx_word' id='word_1_209' title='bbox 960 2032 1025 2093; x_wconf 80' lang='lat' dir='ltr'>Quia</span> <span class='ocrx_word' id='word_1_210' title='bbox 1033 2046 1111 2083; x_wconf 81' lang='lat' dir='ltr'>tamen</span> 
     </span>
     <span class='ocr_line' id='line_1_26' title="bbox 249 2090 1111 2160; baseline 0.003 -18"><span class='ocrx_word' id='word_1_211' title='bbox 249 2109 321 2157; x_wconf 82' lang='lat' dir='ltr'>pnrvu</span> <span class='ocrx_word' id='word_1_212' title='bbox 332 2097 436 2160; x_wconf 80' lang='lat' dir='ltr'>quadam</span> <span class='ocrx_word' id='word_1_213' title='bbox 445 2095 581 2145; x_wconf 81' lang='lat' dir='ltr'>licentiuuli</span> <span class='ocrx_word' id='word_1_214' title='bbox 597 2093 691 2151; x_wconf 88' lang='lat' dir='ltr'>sumus,</span> <span class='ocrx_word' id='word_1_215' title='bbox 712 2095 801 2142; x_wconf 67' lang='lat' dir='ltr'>rebium</span> <span class='ocrx_word' id='word_1_216' title='bbox 816 2090 884 2141; x_wconf 83' lang='lat' dir='ltr'>nobis</span> <span class='ocrx_word' id='word_1_217' title='bbox 898 2090 974 2143; x_wconf 86' lang='lat' dir='ltr'>visum</span> <span class='ocrx_word' id='word_1_218' title='bbox 989 2092 1024 2144; x_wconf 86' lang='lat' dir='ltr'>est</span> <span class='ocrx_word' id='word_1_219' title='bbox 1039 2096 1111 2145; x_wconf 74' lang='lat' dir='ltr'>lesto-</span> 
     </span>
     <span class='ocr_line' id='line_1_27' title="bbox 250 2154 1110 2221; baseline 0.005 -16"><span class='ocrx_word' id='word_1_220' title='bbox 250 2170 302 2205; x_wconf 87' lang='lat' dir='ltr'>rem</span> <span class='ocrx_word' id='word_1_221' title='bbox 311 2158 456 2213; x_wconf 81' lang='lat' dir='ltr'>admouere,</span> <span class='ocrx_word' id='word_1_222' title='bbox 476 2172 502 2207; x_wconf 91' lang='lat' dir='ltr'>ut</span> <span class='ocrx_word' id='word_1_223' title='bbox 517 2157 535 2204; x_wconf 87' lang='lat' dir='ltr'>fi</span> <span class='ocrx_word' id='word_1_224' title='bbox 551 2157 612 2207; x_wconf 82' lang='lat' dir='ltr'>hauc</span> <span class='ocrx_word' id='word_1_225' title='bbox 627 2157 732 2205; x_wconf 84' lang='lat' dir='ltr'>nostrum</span> <span class='ocrx_word' id='word_1_226' title='bbox 745 2158 885 2221; x_wconf 84' lang='lat' dir='ltr'>opinionem</span> <span class='ocrx_word' id='word_1_227' title='bbox 900 2170 951 2203; x_wconf 89' lang='lat' dir='ltr'>non</span> <span class='ocrx_word' id='word_1_228' title='bbox 965 2154 1110 2221; x_wconf 76' lang='lat' dir='ltr'>probauerit,</span> 
     </span>
     <span class='ocr_line' id='line_1_28' title="bbox 190 2216 1109 2285; baseline 0.001 -14"><span class='ocrx_word' id='word_1_229' title='bbox 190 2264 196 2271; x_wconf 92' lang='lat'><em>.</em></span> <span class='ocrx_word' id='word_1_230' title='bbox 284 2216 320 2266; x_wconf 86' lang='lat' dir='ltr'>llit</span> <span class='ocrx_word' id='word_1_231' title='bbox 331 2220 377 2285; x_wconf 87' lang='lat' dir='ltr'>ipse</span> <span class='ocrx_word' id='word_1_232' title='bbox 387 2222 510 2271; x_wconf 86' lang='lat' dir='ltr'>meliorem</span> <span class='ocrx_word' id='word_1_233' title='bbox 520 2221 660 2285; x_wconf 84' lang='lat' dir='ltr'>excogitare.</span> <span class='ocrx_word' id='word_1_234' title='bbox 694 2223 747 2268; x_wconf 85' lang='lat' dir='ltr'>Nos</span> <span class='ocrx_word' id='word_1_235' title='bbox 757 2218 810 2267; x_wconf 85' lang='lat' dir='ltr'>rnrb</span> <span class='ocrx_word' id='word_1_236' title='bbox 821 2217 951 2267; x_wconf 82' lang='lat' dir='ltr'>admodum</span> <span class='ocrx_word' id='word_1_237' title='bbox 961 2231 1060 2271; x_wconf 73' lang='lat' dir='ltr'>tauhun</span> <span class='ocrx_word' id='word_1_238' title='bbox 1069 2238 1109 2271; x_wconf 86' lang='lat' dir='ltr'>nu-</span> 
     </span>
     <span class='ocr_line' id='line_1_29' title="bbox 249 2232 1109 2349; baseline 0.008 -21"><span class='ocrx_word' id='word_1_239' title='bbox 249 2232 285 2329; x_wconf 50' lang='lat' dir='ltr'>gi}</span> <span class='ocrx_word' id='word_1_240' title='bbox 299 2280 434 2339; x_wconf 87' lang='lat' dir='ltr'>tribuimus,</span> <span class='ocrx_word' id='word_1_241' title='bbox 444 2297 470 2330; x_wconf 92' lang='lat' dir='ltr'>ut</span> <span class='ocrx_word' id='word_1_242' title='bbox 480 2285 512 2333; x_wconf 82' lang='lat' dir='ltr'>ali</span> <span class='ocrx_word' id='word_1_243' title='bbox 531 2283 570 2331; x_wconf 86' lang='lat' dir='ltr'>uid</span> <span class='ocrx_word' id='word_1_244' title='bbox 580 2282 646 2349; x_wconf 90' lang='lat' dir='ltr'>quod</span> <span class='ocrx_word' id='word_1_245' title='bbox 657 2298 707 2331; x_wconf 89' lang='lat' dir='ltr'>nou</span> <span class='ocrx_word' id='word_1_246' title='bbox 717 2284 742 2329; x_wconf 90' lang='lat' dir='ltr'>in</span> <span class='ocrx_word' id='word_1_247' title='bbox 752 2280 845 2330; x_wconf 83' lang='lat' dir='ltr'>vendiis</span> <span class='ocrx_word' id='word_1_248' title='bbox 860 2280 979 2331; x_wconf 80' lang='lat' dir='ltr'>codicibus</span> <span class='ocrx_word' id='word_1_249' title='bbox 996 2284 1109 2335; x_wconf 81' lang='lat' dir='ltr'>inveneri·</span> 
     </span>
     <span class='ocr_line' id='line_1_30' title="bbox 247 2298 1106 2412; baseline 0.008 -21"><span class='ocrx_word' id='word_1_250' title='bbox 247 2358 313 2402; x_wconf 89' lang='lat' dir='ltr'>mus,</span> <span class='ocrx_word' id='word_1_251' title='bbox 329 2348 492 2410; x_wconf 82' lang='lat' dir='ltr'>receperimus:</span> <span class='ocrx_word' id='word_1_252' title='bbox 508 2298 530 2395; x_wconf 58' lang='lat' dir='ltr'>sd</span> <span class='ocrx_word' id='word_1_253' title='bbox 537 2346 724 2412; x_wconf 81' lang='lat' dir='ltr'>quandotameu</span> <span class='ocrx_word' id='word_1_254' title='bbox 733 2345 756 2393; x_wconf 94' lang='lat' dir='ltr'>id</span> <span class='ocrx_word' id='word_1_255' title='bbox 772 2342 860 2393; x_wconf 81' lang='lat' dir='ltr'>accidet</span> <span class='ocrx_word' id='word_1_256' title='bbox 875 2358 900 2393; x_wconf 91' lang='lat' dir='ltr'>ut</span> <span class='ocrx_word' id='word_1_257' title='bbox 916 2344 1106 2410; x_wconf 81' lang='lat' dir='ltr'>aliquantulum,</span> 
     </span>
     <span class='ocr_line' id='line_1_31' title="bbox 245 2404 1107 2477; baseline 0.001 -20"><span class='ocrx_word' id='word_1_258' title='bbox 245 2422 298 2457; x_wconf 87' lang='lat' dir='ltr'>non</span> <span class='ocrx_word' id='word_1_259' title='bbox 308 2408 382 2473; x_wconf 77' lang='lat' dir='ltr'>longe</span> <span class='ocrx_word' id='word_1_260' title='bbox 392 2422 472 2457; x_wconf 85' lang='lat' dir='ltr'>tumen</span> <span class='ocrx_word' id='word_1_261' title='bbox 482 2425 496 2457; x_wconf 82' lang='lat' dir='ltr'>a</span> <span class='ocrx_word' id='word_1_262' title='bbox 506 2410 598 2459; x_wconf 86' lang='lat' dir='ltr'>vetustis</span> <span class='ocrx_word' id='word_1_263' title='bbox 608 2408 708 2473; x_wconf 73' lang='lat' dir='ltr'>vestigiis</span> <span class='ocrx_word' id='word_1_264' title='bbox 718 2404 895 2463; x_wconf 75' lang='lat' dir='ltr'>discesserimus,</span> <span class='ocrx_word' id='word_1_265' title='bbox 910 2404 960 2457; x_wconf 90' lang='lat' dir='ltr'>sem</span> <span class='ocrx_word' id='word_1_266' title='bbox 977 2424 1002 2459; x_wconf 90' lang='lat' dir='ltr'>cr</span> <span class='ocrx_word' id='word_1_267' title='bbox 1010 2412 1107 2477; x_wconf 80' lang='lat' dir='ltr'>ingenue</span> 
     </span>
     <span class='ocr_line' id='line_1_32' title="bbox 249 2468 1108 2537; baseline 0.008 -18"><span class='ocrx_word' id='word_1_268' title='bbox 249 2468 392 2521; x_wconf 76' lang='lat' dir='ltr'>fatebimur:</span> <span class='ocrx_word' id='word_1_269' title='bbox 410 2470 467 2537; x_wconf 78' lang='lat' dir='ltr'>sepe</span> <span class='ocrx_word' id='word_1_270' title='bbox 477 2486 556 2523; x_wconf 87' lang='lat' dir='ltr'>autem</span> <span class='ocrx_word' id='word_1_271' title='bbox 570 2475 596 2523; x_wconf 88' lang='lat' dir='ltr'>in</span> <span class='ocrx_word' id='word_1_272' title='bbox 611 2488 627 2521; x_wconf 88' lang='lat' dir='ltr'>o</span> <span class='ocrx_word' id='word_1_273' title='bbox 642 2473 707 2521; x_wconf 87' lang='lat' dir='ltr'>timis</span> <span class='ocrx_word' id='word_1_274' title='bbox 721 2474 794 2519; x_wconf 84' lang='lat' dir='ltr'>etiam</span> <span class='ocrx_word' id='word_1_275' title='bbox 810 2472 835 2519; x_wconf 77' lang='grc' dir='ltr'>δι</span> <span class='ocrx_word' id='word_1_276' title='bbox 854 2468 935 2519; x_wconf 81' lang='lat' dir='ltr'>vetusti</span> <span class='ocrx_word' id='word_1_277' title='bbox 956 2474 1014 2521; x_wconf 77' lang='lat' dir='ltr'>imis</span> <span class='ocrx_word' id='word_1_278' title='bbox 1030 2490 1108 2525; x_wconf 70' lang='lat' dir='ltr'>eretu⁴</span> 
     </span>
     <span class='ocr_line' id='line_1_33' title="bbox 248 2488 1107 2607; baseline 0.005 -27"><span class='ocrx_word' id='word_1_279' title='bbox 248 2532 351 2607; x_wconf 75' lang='lat' dir='ltr'>pluribus</span> <span class='ocrx_word' id='word_1_280' title='bbox 366 2535 481 2584; x_wconf 75' lang='lat' dir='ltr'>didliones</span> <span class='ocrx_word' id='word_1_281' title='bbox 496 2537 616 2585; x_wconf 75' lang='lat' dir='ltr'>nonnulle</span> <span class='ocrx_word' id='word_1_282' title='bbox 627 2488 715 2583; x_wconf 60' lang='lat' dir='ltr'>duxere</span> <span class='ocrx_word' id='word_1_283' title='bbox 729 2536 755 2583; x_wconf 80' lang='lat' dir='ltr'>bc</span> <span class='ocrx_word' id='word_1_284' title='bbox 772 2531 895 2581; x_wconf 72' lang='lat' dir='ltr'>debilitate</span> <span class='ocrx_word' id='word_1_285' title='bbox 910 2536 1071 2599; x_wconf 85' lang='lat' dir='ltr'>reperiuntur,</span> <span class='ocrx_word' id='word_1_286' title='bbox 1084 2550 1107 2586; x_wconf 88' lang='lat' dir='ltr'>ur</span> 
     </span>
     <span class='ocr_line' id='line_1_34' title="bbox 248 2594 1105 2665; baseline 0.006 -20"><span class='ocrx_word' id='word_1_287' title='bbox 248 2594 311 2645; x_wconf 80' lang='lat' dir='ltr'>rnfra</span> <span class='ocrx_word' id='word_1_288' title='bbox 320 2600 392 2648; x_wconf 90' lang='lat' dir='ltr'>etiam</span> <span class='ocrx_word' id='word_1_289' title='bbox 402 2599 427 2647; x_wconf 90' lang='lat' dir='ltr'>in</span> <span class='ocrx_word' id='word_1_290' title='bbox 438 2598 482 2648; x_wconf 87' lang='lat' dir='ltr'>hac</span> <span class='ocrx_word' id='word_1_291' title='bbox 491 2602 539 2665; x_wconf 84' lang='lat' dir='ltr'>ipsa</span> <span class='ocrx_word' id='word_1_292' title='bbox 549 2599 647 2665; x_wconf 84' lang='lat' dir='ltr'>epistola</span> <span class='ocrx_word' id='word_1_293' title='bbox 655 2600 721 2649; x_wconf 83' lang='lat' dir='ltr'>locus</span> <span class='ocrx_word' id='word_1_294' title='bbox 735 2596 791 2659; x_wconf 85' lang='lat' dir='ltr'>hic,</span> <span class='ocrx_word' id='word_1_295' title='bbox 812 2610 884 2659; x_wconf 88' lang='lat' dir='ltr'>quem</span> <span class='ocrx_word' id='word_1_296' title='bbox 899 2610 945 2645; x_wconf 80' lang='lat' dir='ltr'>nou</span> <span class='ocrx_word' id='word_1_297' title='bbox 960 2613 1014 2647; x_wconf 88' lang='lat' dir='ltr'>non</span> <span class='ocrx_word' id='word_1_298' title='bbox 1029 2614 1105 2649; x_wconf 81' lang='lat' dir='ltr'>tamen</span> 
     </span>
     <span class='ocr_line' id='line_1_35' title="bbox 248 2656 1136 2729; baseline 0.009 -22"><span class='ocrx_word' id='word_1_299' title='bbox 248 2656 293 2707; x_wconf 88' lang='lat' dir='ltr'>soli</span> <span class='ocrx_word' id='word_1_300' title='bbox 303 2658 334 2708; x_wconf 82' lang='lat' dir='ltr'>fir</span> <span class='ocrx_word' id='word_1_301' title='bbox 342 2663 456 2726; x_wconf 82' lang='lat' dir='ltr'>legimus,</span> <span class='ocrx_word' id='word_1_302' title='bbox 471 2667 547 2722; x_wconf 68' lang='lat' dir='ltr'>Mrjo</span> <span class='ocrx_word' id='word_1_303' title='bbox 556 2667 612 2710; x_wconf 79' lang='lat' dir='ltr'>milri</span> <span class='ocrx_word' id='word_1_304' title='bbox 620 2664 700 2709; x_wconf 72' lang='lat' dir='ltr'>larario</span> <span class='ocrx_word' id='word_1_305' title='bbox 710 2660 794 2719; x_wconf 78' lang='lat' dir='ltr'>adferri</span> <span class='ocrx_word' id='word_1_306' title='bbox 807 2661 868 2705; x_wconf 74' lang='lat' dir='ltr'>nulla</span> <span class='ocrx_word' id='word_1_307' title='bbox 879 2659 951 2721; x_wconf 76' lang='lat' dir='ltr'>potest.</span> <span class='ocrx_word' id='word_1_308' title='bbox 987 2665 1054 2714; x_wconf 83' lang='lat' dir='ltr'>Prior</span> <span class='ocrx_word' id='word_1_309' title='bbox 1066 2662 1106 2729; x_wconf 74' lang='lat' dir='ltr'>spl-</span> <span class='ocrx_word' id='word_1_310' title='bbox 1135 2674 1136 2698; x_wconf 64' lang='lat'>¹</span> 
     </span>
     <span class='ocr_line' id='line_1_36' title="bbox 246 2719 1136 2791; baseline 0.002 -20"><span class='ocrx_word' id='word_1_311' title='bbox 246 2719 301 2771; x_wconf 81' lang='lat' dir='ltr'>laba</span> <span class='ocrx_word' id='word_1_312' title='bbox 312 2722 422 2775; x_wconf 74' lang='lat' dir='ltr'>distionis</span> <span class='ocrx_word' id='word_1_313' title='bbox 431 2726 492 2774; x_wconf 90' lang='lat' dir='ltr'>illius</span> <span class='ocrx_word' id='word_1_314' title='bbox 502 2729 582 2775; x_wconf 80' lang='lat' dir='ltr'>levario</span> <span class='ocrx_word' id='word_1_315' title='bbox 592 2724 707 2773; x_wconf 82' lang='lat' dir='ltr'>defecerat</span> <span class='ocrx_word' id='word_1_316' title='bbox 719 2758 726 2780; x_wconf 95' lang='lat'>‚</span> <span class='ocrx_word' id='word_1_317' title='bbox 742 2735 767 2770; x_wconf 90' lang='lat' dir='ltr'>ut</span> <span class='ocrx_word' id='word_1_318' title='bbox 777 2726 838 2769; x_wconf 75' lang='lat' dir='ltr'>vatio</span> <span class='ocrx_word' id='word_1_319' title='bbox 847 2734 943 2791; x_wconf 76' lang='lat' dir='ltr'>tantum</span> <span class='ocrx_word' id='word_1_320' title='bbox 953 2720 1013 2775; x_wconf 84' lang='lat' dir='ltr'>effer</span> <span class='ocrx_word' id='word_1_321' title='bbox 1029 2728 1055 2775; x_wconf 86' lang='lat' dir='ltr'>in</span> <span class='ocrx_word' id='word_1_322' title='bbox 1066 2724 1105 2777; x_wconf 86' lang='lat' dir='ltr'>bo·</span> <span class='ocrx_word' id='word_1_323' title='bbox 1134 2727 1136 2778; x_wconf 87' lang='lat' dir='ltr'>l</span> 
     </span>
     <span class='ocr_line' id='line_1_37' title="bbox 249 2784 1103 2854; baseline 0.007 -21"><span class='ocrx_word' id='word_1_324' title='bbox 249 2785 285 2833; x_wconf 81' lang='lat' dir='ltr'>uis</span> <span class='ocrx_word' id='word_1_325' title='bbox 296 2787 413 2837; x_wconf 80' lang='lat' dir='ltr'>codicibus</span> <span class='ocrx_word' id='word_1_326' title='bbox 424 2803 430 2832; x_wconf 95' lang='lat'><strong>:</strong></span> <span class='ocrx_word' id='word_1_327' title='bbox 445 2788 546 2854; x_wconf 88' lang='lat' dir='ltr'>hincque</span> <span class='ocrx_word' id='word_1_328' title='bbox 555 2786 651 2839; x_wconf 73' lang='lat' dir='ltr'>sortasse</span> <span class='ocrx_word' id='word_1_329' title='bbox 660 2801 729 2836; x_wconf 81' lang='lat' dir='ltr'>natus</span> <span class='ocrx_word' id='word_1_330' title='bbox 738 2796 786 2834; x_wconf 86' lang='lat' dir='ltr'>erat</span> <span class='ocrx_word' id='word_1_331' title='bbox 797 2798 873 2841; x_wconf 89' lang='lat' dir='ltr'>error,</span> <span class='ocrx_word' id='word_1_332' title='bbox 884 2798 910 2832; x_wconf 92' lang='lat' dir='ltr'>ut</span> <span class='ocrx_word' id='word_1_333' title='bbox 925 2784 976 2835; x_wconf 89' lang='lat' dir='ltr'>sere</span> <span class='ocrx_word' id='word_1_334' title='bbox 993 2788 1021 2837; x_wconf 85' lang='lat' dir='ltr'>in</span> <span class='ocrx_word' id='word_1_335' title='bbox 1031 2790 1103 2839; x_wconf 85' lang='lat' dir='ltr'>omui·</span> 
     </span>
     <span class='ocr_line' id='line_1_38' title="bbox 245 2844 1102 2916; baseline 0.008 -22"><span class='ocrx_word' id='word_1_336' title='bbox 245 2844 288 2895; x_wconf 85' lang='lat' dir='ltr'>bus</span> <span class='ocrx_word' id='word_1_337' title='bbox 298 2848 411 2913; x_wconf 78' lang='lat' dir='ltr'>imprcll&#39;rs</span> <span class='ocrx_word' id='word_1_338' title='bbox 421 2851 538 2900; x_wconf 89' lang='lat' dir='ltr'>codicibus</span> <span class='ocrx_word' id='word_1_339' title='bbox 552 2857 608 2899; x_wconf 78' lang='lat' dir='ltr'>rano</span> <span class='ocrx_word' id='word_1_340' title='bbox 621 2852 743 2916; x_wconf 86' lang='lat' dir='ltr'>legeretur.</span> <span class='ocrx_word' id='word_1_341' title='bbox 775 2846 820 2895; x_wconf 85' lang='lat' dir='ltr'>Sed</span> <span class='ocrx_word' id='word_1_342' title='bbox 830 2846 944 2911; x_wconf 73' lang='lat' dir='ltr'>quiahoc</span> <span class='ocrx_word' id='word_1_343' title='bbox 955 2850 1023 2901; x_wconf 82' lang='lat' dir='ltr'>clara</span> <span class='ocrx_word' id='word_1_344' title='bbox 1032 2850 1102 2903; x_wconf 75' lang='lat' dir='ltr'>ezidi·</span> 
     </span>
     <span class='ocr_line' id='line_1_39' title="bbox 243 2906 1103 2983; baseline 0.006 -24"><span class='ocrx_word' id='word_1_345' title='bbox 243 2914 372 2970; x_wconf 75' lang='grc' dir='ltr'><strong>ιιιινὶιιιιιι,</strong></span> <span class='ocrx_word' id='word_1_346' title='bbox 389 2915 552 2979; x_wconf 85' lang='lat' dir='ltr'>rationemque</span> <span class='ocrx_word' id='word_1_347' title='bbox 562 2930 661 2965; x_wconf 84' lang='lat' dir='ltr'>ornnem</span> <span class='ocrx_word' id='word_1_348' title='bbox 670 2912 776 2963; x_wconf 86' lang='lat' dir='ltr'>nostram</span> <span class='ocrx_word' id='word_1_349' title='bbox 784 2906 873 2975; x_wconf 79' lang='lat' dir='ltr'>quaufi</span> <span class='ocrx_word' id='word_1_350' title='bbox 887 2907 986 2970; x_wconf 82' lang='lat' dir='ltr'>smnus,</span> <span class='ocrx_word' id='word_1_351' title='bbox 1002 2912 1103 2983; x_wconf 77' lang='lat' dir='ltr'>expositi·</span> 
     </span>
     <span class='ocr_line' id='line_1_40' title="bbox 244 2978 756 3043; baseline 0.006 -21"><span class='ocrx_word' id='word_1_352' title='bbox 244 2989 307 3032; x_wconf 83' lang='lat' dir='ltr'>mus,</span> <span class='ocrx_word' id='word_1_353' title='bbox 324 2992 374 3024; x_wconf 93' lang='lat' dir='ltr'>non</span> <span class='ocrx_word' id='word_1_354' title='bbox 385 2978 470 3025; x_wconf 86' lang='lat' dir='ltr'>erimus</span> <span class='ocrx_word' id='word_1_355' title='bbox 482 2979 610 3043; x_wconf 87' lang='lat' dir='ltr'>longiores.</span> <span class='ocrx_word' id='word_1_356' title='bbox 646 2981 756 3025; x_wconf 75' lang='lat' dir='ltr'>Virsoriur.</span> 
     </span>
     <span class='ocr_line' id='line_1_41' title="bbox 245 3034 1102 3109; baseline 0.006 -22"><span class='ocrx_word' id='word_1_357' title='bbox 245 3068 248 3073; x_wconf 95' lang='lat'>·</span> <span class='ocrx_word' id='word_1_358' title='bbox 276 3056 311 3094; x_wconf 83' lang='lat'>52.</span> <span class='ocrx_word' id='word_1_359' title='bbox 359 3056 389 3087; x_wconf 83' lang='grc' dir='ltr'>ιιι</span> <span class='ocrx_word' id='word_1_360' title='bbox 407 3042 526 3103; x_wconf 67' lang='lat' dir='ltr'>consknmffi</span> <span class='ocrx_word' id='word_1_361' title='bbox 539 3043 686 3099; x_wconf 63' lang='lat' dir='ltr'>viridarium]</span> <span class='ocrx_word' id='word_1_362' title='bbox 717 3044 770 3088; x_wconf 88' lang='lat' dir='ltr'>Nos</span> <span class='ocrx_word' id='word_1_363' title='bbox 790 3034 917 3103; x_wconf 84' lang='lat' dir='ltr'>scripsimus</span> <span class='ocrx_word' id='word_1_364' title='bbox 932 3054 991 3089; x_wconf 79' lang='lat' dir='ltr'>cum</span> <span class='ocrx_word' id='word_1_365' title='bbox 1006 3042 1102 3109; x_wconf 71' lang='lat' dir='ltr'>antiquis</span> 
     </span>
     <span class='ocr_line' id='line_1_42' title="bbox 242 3099 1101 3214; baseline 0.003 -65"><span class='ocrx_word' id='word_1_366' title='bbox 242 3103 372 3169; x_wconf 80' lang='lat' dir='ltr'>exemplarr</span> <span class='ocrx_word' id='word_1_367' title='bbox 387 3118 413 3153; x_wconf 83' lang='lat' dir='ltr'>us</span> <span class='ocrx_word' id='word_1_368' title='bbox 422 3102 563 3165; x_wconf 74' lang='lat' dir='ltr'>corrfiorur&#39;ffr,</span> <span class='ocrx_word' id='word_1_369' title='bbox 580 3120 632 3214; x_wconf 71' lang='lat' dir='ltr'>quae</span> <span class='ocrx_word' id='word_1_370' title='bbox 647 3105 748 3153; x_wconf 87' lang='lat' dir='ltr'>omnino</span> <span class='ocrx_word' id='word_1_371' title='bbox 761 3099 893 3175; x_wconf 77' lang='lat' dir='ltr'>elegantior</span> <span class='ocrx_word' id='word_1_372' title='bbox 906 3100 1069 3175; x_wconf 61' lang='lat' dir='ltr'>coloneio,</span> <span class='ocrx_word' id='word_1_373' title='bbox 1080 3118 1101 3153; x_wconf 83' lang='lat' dir='ltr'>tr</span> 
     </span>
     <span class='ocr_line' id='line_1_43' title="bbox 242 3162 1101 3223; baseline 0.005 -10"><span class='ocrx_word' id='word_1_374' title='bbox 242 3180 340 3215; x_wconf 85' lang='lat' dir='ltr'>maneat</span> <span class='ocrx_word' id='word_1_375' title='bbox 348 3170 374 3215; x_wconf 86' lang='lat' dir='ltr'>in</span> <span class='ocrx_word' id='word_1_376' title='bbox 388 3168 542 3217; x_wconf 78' lang='lat' dir='ltr'>translatione</span> <span class='ocrx_word' id='word_1_377' title='bbox 555 3185 588 3215; x_wconf 80' lang='lat' dir='ltr'>vu</span> <span class='ocrx_word' id='word_1_378' title='bbox 597 3184 688 3223; x_wconf 84' lang='lat' dir='ltr'>rerum,</span> <span class='ocrx_word' id='word_1_379' title='bbox 721 3162 769 3213; x_wconf 87' lang='lat' dir='ltr'>uod</span> <span class='ocrx_word' id='word_1_380' title='bbox 784 3164 840 3213; x_wconf 83' lang='lat' dir='ltr'>fucit</span> <span class='ocrx_word' id='word_1_381' title='bbox 856 3177 930 3212; x_wconf 83' lang='lat' dir='ltr'>ettam</span> <span class='ocrx_word' id='word_1_382' title='bbox 943 3182 971 3215; x_wconf 88' lang='grc' dir='ltr'>ιιι</span> <span class='ocrx_word' id='word_1_383' title='bbox 987 3166 1061 3219; x_wconf 83' lang='lat' dir='ltr'>verbo</span> <span class='ocrx_word' id='word_1_384' title='bbox 1074 3186 1101 3217; x_wconf 86' lang='lat' dir='ltr'>rr·</span> 
     </span>
     <span class='ocr_line' id='line_1_44' title="bbox 238 3182 1101 3297; baseline 0.007 -24"><span class='ocrx_word' id='word_1_385' title='bbox 238 3232 365 3289; x_wconf 67' lang='lat' dir='ltr'>orudrfiunr.</span> <span class='ocrx_word' id='word_1_386' title='bbox 381 3230 469 3279; x_wconf 73' lang='lat' dir='ltr'>vision</span> <span class='ocrx_word' id='word_1_387' title='bbox 503 3232 586 3279; x_wconf 88' lang='lat' dir='ltr'>Veneti</span> <span class='ocrx_word' id='word_1_388' title='bbox 600 3182 740 3291; x_wconf 51' lang='lat' dir='ltr'>confitendo,</span> <span class='ocrx_word' id='word_1_389' title='bbox 761 3242 832 3292; x_wconf 82' lang='lat' dir='ltr'>utque</span> <span class='ocrx_word' id='word_1_390' title='bbox 846 3226 880 3273; x_wconf 86' lang='lat' dir='ltr'>ita</span> <span class='ocrx_word' id='word_1_391' title='bbox 894 3228 935 3276; x_wconf 86' lang='lat' dir='ltr'>nlii</span> <span class='ocrx_word' id='word_1_392' title='bbox 949 3244 1069 3297; x_wconf 85' lang='lat' dir='ltr'>quoque,</span> <span class='ocrx_word' id='word_1_393' title='bbox 1080 3240 1101 3279; x_wconf 73' lang='grc' dir='ltr'><strong>ι</strong></span> 
     </span>
     <span class='ocr_line' id='line_1_45' title="bbox 233 3290 1099 3356; baseline 0.006 -18"><span class='ocrx_word' id='word_1_394' title='bbox 233 3290 270 3338; x_wconf 71' lang='lat' dir='ltr'>&#39;fit</span> <span class='ocrx_word' id='word_1_395' title='bbox 281 3290 354 3341; x_wconf 84' lang='lat' dir='ltr'>fimilc</span> <span class='ocrx_word' id='word_1_396' title='bbox 364 3294 400 3342; x_wconf 83' lang='lat' dir='ltr'>illi</span> <span class='ocrx_word' id='word_1_397' title='bbox 409 3294 538 3354; x_wconf 72' lang='lat' dir='ltr'>maturuisse.</span> <span class='ocrx_word' id='word_1_398' title='bbox 556 3296 676 3343; x_wconf 70' lang='lat' dir='ltr'>Camenam.</span> <span class='ocrx_word' id='word_1_399' title='bbox 709 3296 763 3356; x_wconf 71' lang='lat' dir='ltr'>Qo</span> <span class='ocrx_word' id='word_1_400' title='bbox 778 3292 901 3351; x_wconf 56' lang='lat' dir='ltr'>consanuisse</span> <span class='ocrx_word' id='word_1_401' title='bbox 911 3294 1064 3352; x_wconf 78' lang='lat' dir='ltr'>videbantur,</span> <span class='ocrx_word' id='word_1_402' title='bbox 1075 3306 1099 3343; x_wconf 69' lang='lat' dir='ltr'>fl</span> 
     </span>
     <span class='ocr_line' id='line_1_46' title="bbox 241 3352 1097 3423; baseline 0.002 -22"><span class='ocrx_word' id='word_1_403' title='bbox 241 3354 359 3403; x_wconf 80' lang='lat' dir='ltr'>Medicaeo</span> <span class='ocrx_word' id='word_1_404' title='bbox 369 3357 484 3405; x_wconf 72' lang='lat' dir='ltr'>Vie’torins</span> <span class='ocrx_word' id='word_1_405' title='bbox 495 3373 501 3402; x_wconf 91' lang='lat'><strong>:</strong></span> <span class='ocrx_word' id='word_1_406' title='bbox 517 3371 595 3420; x_wconf 89' lang='lat' dir='ltr'>neque</span> <span class='ocrx_word' id='word_1_407' title='bbox 609 3357 677 3405; x_wconf 84' lang='lat' dir='ltr'>aliter</span> <span class='ocrx_word' id='word_1_408' title='bbox 690 3370 786 3419; x_wconf 90' lang='lat' dir='ltr'>quoque</span> <span class='ocrx_word' id='word_1_409' title='bbox 801 3352 910 3403; x_wconf 79' lang='lat' dir='ltr'>rolitiani</span> <span class='ocrx_word' id='word_1_410' title='bbox 923 3353 1001 3417; x_wconf 83' lang='lat' dir='ltr'>liber,</span> <span class='ocrx_word' id='word_1_411' title='bbox 1016 3362 1044 3409; x_wconf 71' lang='grc' dir='ltr'>δι</span> <span class='ocrx_word' id='word_1_412' title='bbox 1053 3364 1097 3423; x_wconf 58' lang='lat'>3¹?</span> 
     </span>
     <span class='ocr_line' id='line_1_47' title="bbox 240 3408 1099 3483; baseline 0.005 -18"><span class='ocrx_word' id='word_1_413' title='bbox 240 3430 327 3465; x_wconf 84' lang='lat' dir='ltr'>omnes</span> <span class='ocrx_word' id='word_1_414' title='bbox 337 3430 418 3466; x_wconf 89' lang='lat' dir='ltr'>tamen</span> <span class='ocrx_word' id='word_1_415' title='bbox 428 3420 485 3469; x_wconf 83' lang='lat' dir='ltr'>l’all.</span> <span class='ocrx_word' id='word_1_416' title='bbox 496 3417 553 3467; x_wconf 90' lang='lat' dir='ltr'>srcut</span> <span class='ocrx_word' id='word_1_417' title='bbox 565 3422 591 3469; x_wconf 91' lang='lat'>&amp;</span> <span class='ocrx_word' id='word_1_418' title='bbox 601 3423 669 3469; x_wconf 87' lang='lat' dir='ltr'>Grut.</span> <span class='ocrx_word' id='word_1_419' title='bbox 680 3419 812 3480; x_wconf 67' lang='lat' dir='ltr'>conseruisse,</span> <span class='ocrx_word' id='word_1_420' title='bbox 828 3408 895 3479; x_wconf 84' lang='lat' dir='ltr'>quod</span> <span class='ocrx_word' id='word_1_421' title='bbox 904 3432 1011 3483; x_wconf 75' lang='lat' dir='ltr'>quantus</span> <span class='ocrx_word' id='word_1_422' title='bbox 1019 3415 1099 3473; x_wconf 63' lang='lat' dir='ltr'>oue·</span> 
     </span>
     <span class='ocr_line' id='line_1_48' title="bbox 241 3478 1102 3599; baseline 0 -68"><span class='ocrx_word' id='word_1_423' title='bbox 241 3478 318 3531; x_wconf 83' lang='lat' dir='ltr'>fendit</span> <span class='ocrx_word' id='word_1_424' title='bbox 328 3483 456 3534; x_wconf 74' lang='lat' dir='ltr'>Manuiu.</span> <span class='ocrx_word' id='word_1_425' title='bbox 489 3482 554 3535; x_wconf 81' lang='lat' dir='ltr'>Mihi</span> <span class='ocrx_word' id='word_1_426' title='bbox 562 3496 657 3541; x_wconf 74' lang='lat' dir='ltr'>rouen,</span> <span class='ocrx_word' id='word_1_427' title='bbox 672 3496 730 3548; x_wconf 79' lang='lat' dir='ltr'>poce</span> <span class='ocrx_word' id='word_1_428' title='bbox 739 3482 788 3547; x_wconf 76' lang='lat' dir='ltr'>ejus</span> <span class='ocrx_word' id='word_1_429' title='bbox 798 3514 807 3543; x_wconf 86' lang='lat'>‚</span> <span class='ocrx_word' id='word_1_430' title='bbox 821 3478 984 3541; x_wconf 70' lang='lat' dir='ltr'>vetushffimir</span> <span class='ocrx_word' id='word_1_431' title='bbox 993 3486 1059 3541; x_wconf 65' lang='lat' dir='ltr'>libri,</span> <span class='ocrx_word' id='word_1_432' title='bbox 1064 3478 1102 3599; x_wconf 51' lang='lat' dir='ltr'>bal-z⁴</span> 
     </span>
    </p>
   </div>
   <div class='ocr_carea' id='block_1_8' title="bbox 0 0 1140 4020">
    <p class='ocr_par' dir='ltr' id='par_1_9' title="bbox 0 0 1140 4020">
     <span class='ocr_line' id='line_1_49' title="bbox 0 0 1140 4020; baseline 0 10"><span class='ocrx_word' id='word_1_433' title='bbox 0 0 1140 4020; x_wconf 95' lang='lat' dir='ltr'> </span> 
     </span>
    </p>
   </div>
  </div>
 </body>
</html>
