2272 4020
211 163 251 226 ᾳ
338 139 498 206 Error.
532 155 598 203 nn
635 140 925 207 benennon

208 254 354 313 omnium:
374 271 458 329 quam
471 251 536 321 tibi,
556 250 828 327 srpotero,breviter
841 269 989 328 exponam.
1004 253 1080 333 Egog

209 328 230 387 fi
249 329 283 387 ab
301 331 432 407 improbis
456 327 615 405 &perditis
642 328 745 387 civibus
771 329 967 405 rempublicam
988 334 1076 395 teneri

209 405 357 476 viderem,
379 405 480 465 raficut
493 408 524 465 &
544 405 612 467 meis
631 404 799 480 temporibus
819 405 934 475 scimus,
953 408 984 464 δι
1003 426 1077 469 non-

209 480 287 541 nullis
300 484 362 543 alias
376 478 517 553 accidiffe,
538 490 632 540 arnon
646 480 736 540 modo
756 482 873 559 praenriis
888 525 897 551 ,
923 501 989 559 quae
1001 484 1080 560 apud·

61 592 80 625 n
99 569 199 623 nnnbrm
210 575 256 617 me
275 558 448 620 nminimum
461 559 576 627 valent,
594 557 640 615 sed
660 576 697 616 ne
716 557 839 633 periculis
858 558 972 636 quidem
994 578 1076 621 com·

60 640 118 690 trra.
206 636 295 711 pulsus
308 638 384 705 ullis,
402 637 499 713 quibus
512 648 606 694 tamen
619 646 769 693 moventur
781 635 864 695 etiam
885 635 1021 695 fortiffimi
1035 639 1076 698 vi·

134 718 139 733 ’
206 712 253 781 ri,
279 713 315 771 ad
334 731 432 770 eorum
453 712 559 770 causam
578 728 626 768 me
644 711 821 788 adiungerem
843 731 851 769 ι
870 729 906 769 ne
926 710 946 768 fi
966 712 1075 775 summa

58 832 76 866 0
90 816 134 863 ,53
207 788 321 863 quidem
335 802 456 847 ⁰eorum
469 790 498 846 in
513 806 560 846 me
574 788 670 845 merita
691 786 850 845 constarent.
890 785 963 845 Cirm
978 786 1074 851 autem

57 880 161 933 illomm.
205 865 235 922 in
249 866 384 939 republica
405 866 456 922 Cn.
476 865 624 938 Pompejus
643 864 767 938 princeps
787 859 873 935 effer,
898 865 941 923 vir
959 865 1006 935 is,
1025 868 1075 943 qui

205 941 275 999 hanc
296 941 448 1017 potentiam
469 942 499 998 ὅ(
524 941 638 1015 gloriam
666 939 792 997 maximis
818 941 847 1001 in
874 941 1073 1016 rempublicam

205 1019 305 1075 meritis
324 1016 593 1093 praestantissimisque
613 1017 691 1073 rebus
719 1014 796 1090 gestis
817 1012 883 1075 effet
902 1017 1074 1081 consecutus.

57 1099 152 1209 genius
204 1094 354 1169 rcujusque
369 1111 422 1168 ego
436 1094 570 1169 dignitatis
588 1093 623 1151 ab
642 1091 821 1150 adolescentia
835 1093 980 1162 fautor‚in
1021 1114 1073 1153 rae-

57 1162 196 1288 qiffistffss·
205 1181 265 1227 tura
296 1184 389 1229 autem
410 1172 480 1228 &in
495 1169 636 1227 consulatu
648 1168 757 1243 adjutor
779 1168 863 1227 etiam
877 1166 965 1229 aexsti
979 1171 984 1182 '
1007 1189 1073 1233 em:

56 1284 195 1336 tiisemMS.

203 1247 324 1321 cumque
337 1247 412 1306 idem
425 1247 601 1314 auctoritate,
621 1244 793 1302 &sententia
807 1263 856 1319 per
868 1244 894 1302 se
909 1289 918 1314 ,
938 1246 1074 1319 consiliis,

203 1323 234 1380 &
253 1323 342 1381 studiis
361 1335 454 1383 tecum
475 1340 521 1380 me
541 1317 682 1398 adjuvisset
703 1340 709 1377 :
744 1338 896 1397 meumque
923 1324 1071 1385 hundeum

202 1416 291 1457 unum
304 1400 334 1457 in
347 1402 456 1457 civitate
468 1400 578 1456 haberet
591 1398 752 1455 inimicum:
771 1416 831 1456 non
850 1399 943 1472 putavi
964 1401 1069 1461 famam

203 1475 391 1533 inconstantiae
418 1475 486 1533 mihi
512 1473 780 1549 pertimescendam,
805 1472 1013 1550 siquibuidam
1039 1478 1070 1539 in

201 1550 337 1613 sententiis
351 1551 470 1627 paulun
483 1569 529 1609 me
543 1547 727 1610 imrnutaiiem
742 1594 752 1620 ,
772 1567 921 1627 meamque
940 1551 1069 1619 volunta,-

1009 1642 1068 1693 tem

236 1833 271 1876 34.
289 1819 351 1864 Sion
365 1817 391 1867 si
407 1819 459 1863 meis
473 1817 597 1880 temporibus
609 1818 689 1877 scimur
707 1853 714 1875 ,
734 1820 760 1871 (φ
776 1820 883 1866 nonnullis
897 1820 957 1866 'olr'is
972 1820 1066 1883 accidisse

201 1885 335 1942 accepim]
350 1883 512 1944 Expunximus
522 1881 576 1928 binc
587 1879 646 1928 olim
657 1883 787 1930 extremam
797 1896 881 1929 vocem
892 1916 899 1937 ‚
920 1881 974 1930 freti
985 1885 1063 1932 autio-

202 1943 271 1989 ritate
281 1943 406 1991 meliorum
415 1943 535 2000 codicum,
551 1944 592 2006 qui
602 1942 694 1991 nullum
705 1944 772 2008 ipsius
782 1943 904 2008 vestigium
919 1945 1062 1995 retinebant:

203 2005 229 2052 in
240 2004 349 2054 Mediceo
359 2007 451 2068 ncn‘piffe
466 2007 566 2072 legitur,
583 2021 634 2052 non
648 2009 749 2069 accidiffe.
770 2006 832 2055 unde
850 2006 1063 2071 (quemadmodum

203 2065 313 2128 arbitror)
330 2067 397 2128 flunit
418 2068 513 2119 verbum
529 2069 587 2117 iilud
604 2073 736 2130 ncccpimns:
759 2085 841 2134 parvus
857 2072 921 2118 enim
936 2069 977 2116 ille
1000 2086 1062 2121 error

204 2128 280 2177 enum
292 2130 334 2177 iuir
344 2132 439 2190 majoris
448 2135 537 2180 erroris.
555 2144 687 2193 peccaverat
698 2132 802 2180 librarius
812 2132 876 2196 quod
889 2146 912 2194 p,
924 2146 967 2195 pro
977 2134 1008 2188 d,
1019 2148 1062 2197 po-

200 2189 274 2239 suerat
287 2210 293 2246 t
311 2192 511 2255 quemadmodum
521 2195 593 2241 eriam
604 2192 634 2240 ad
643 2197 779 2242 Terentium
788 2197 813 2242 in
822 2196 866 2243 illo
880 2194 936 2241 loco
947 2227 954 2249 ,
972 2197 1063 2243 Obviam

200 2256 257 2300 nnsis
267 2257 367 2316 prodeas:
384 2257 498 2319 scriptum
508 2258 605 2305 enimin
619 2254 703 2305 eadem
717 2257 750 2306 est
761 2293 768 2315 ,
781 2270 872 2320 propeas.
890 2269 973 2305 contra
986 2272 1013 2305 ac
1027 2256 1062 2309 su-

141 2340 144 2347 *
203 2331 246 2381 pra
256 2317 323 2365 illum
333 2319 358 2364 in
368 2320 435 2364 dieras
446 2315 523 2366 fecisse
533 2318 653 2367 docuimus
666 2355 673 2377 ,
688 2318 727 2369 ubi
736 2324 760 2377 d,
770 2335 814 2385 pro
823 2334 844 2377 ρ,
854 2317 976 2392 scripserat.
1009 2326 1063 2375 Hoc

201 2393 280 2426 autem
295 2379 497 2438 anitnadvertiffe,
517 2388 568 2429 bon
581 2384 673 2446 penitus
687 2384 774 2453 inutile
790 2379 835 2430 eise
855 2380 957 2431 arbitrati
976 2381 1059 2435 sumus.

201 2455 260 2489 nam
270 2444 294 2489 dc
309 2442 362 2490 huic
377 2443 431 2491 loco
446 2444 523 2491 lucem
540 2441 623 2501 affert,
640 2448 665 2493 δι
681 2443 820 2509 superiorem
839 2445 908 2493 illum
928 2444 1059 2496 confirmat.

201 2506 313 2555 Viiiorius.
347 2504 471 2555 consentit
481 2506 591 2556 Mediceo
600 2522 666 2555 meus
693 2512 781 2563 rimus,
797 2508 822 2555 in
834 2523 882 2571 quo
896 2508 990 2567 accidrffi
1000 2510 1063 2558 reste

200 2564 317 2623 scribitur,
333 2570 358 2616 δι
367 2574 479 2630 accepimns
489 2586 539 2618 non
553 2583 625 2618 extat.
642 2568 665 2617 se
696 2574 720 2618 &
747 2586 774 2618 ro
785 2574 837 2626 meis
849 2570 973 2680 temporibus
982 2571 1008 2618 in
1017 2573 1061 2621 illo

201 2643 322 2678 exaratum
334 2632 425 2681 inveni:
443 2638 523 2680 Cinneis
532 2634 662 2696 temporibus.
680 2586 746 2697 quod
756 2648 805 2680 non
816 2634 892 2699 impro
908 2646 961 2689 emt
978 2646 1017 2682 aut
1027 2634 1061 2684 le-

202 2706 233 2756 ge
246 2697 361 2750 Cinnanis,
377 2708 402 2742 ut
420 2695 480 2759 apud
496 2697 559 2745 Flor.
573 2713 609 2753 rv,
620 2714 642 2745 2.
661 2701 752 2745 cinnnnn
766 2698 840 2745 rabies.
874 2697 988 2761 Intelligit
1002 2696 1062 2747 iilud

200 2768 311 2820 tempus,
332 2772 380 2821 quo
391 2758 470 2806 Cinna
490 2773 600 2808 revocato
615 2762 695 2809 Mario
714 2761 795 2810 urbem
814 2761 954 2823 occupavit,
970 2758 1000 2808 de
1014 2777 1064 2825 quo

199 2816 253 2865 vide
268 2820 402 2882 Appianum
414 2837 423 2868 r
435 2820 464 2869 de
474 2819 539 2869 bello
548 2823 630 2880 civili,
647 2825 673 2873 dc
683 2825 801 2873 vellerum
815 2822 960 2871 Paterculum
977 2840 1013 2880 11,
1024 2842 1062 2875 20.
1076 2870 1079 2875 .

196 2884 303 2930 Gravius.

233 2960 268 2999 35.
286 2952 333 2991 Non
343 2945 402 2991 modi
410 2949 523 3006 praemisa]
538 2951 575 2995 Ita
584 2963 680 3012 quoque
689 2951 714 2997 in
725 2947 835 2997 Mediceo
849 2947 950 3011 legitur,
965 2960 991 2996 ut
1006 2954 1062 2999 Ma-

199 3008 258 3054 nutii
275 3005 446 3054 emendarunt:
463 3006 529 3070 quod
545 3025 574 3056 eo
588 3013 661 3059 etiam
677 3011 784 3059 libentius
800 3009 924 3068 adnotavi,
940 3024 965 3060 ut
980 3014 1062 3076 paula-

199 3070 246 3116 tim
255 3068 416 3133 perspiciatur,
433 3069 493 3117 nihil
502 3072 527 3118 in
537 3072 587 3119 aiiis
597 3071 680 3121 finceri
688 3071 734 3122 eise
744 3109 751 3130 ‚
768 3073 833 3139 quod
848 3089 897 3121 non
912 3073 950 3122 bic
966 3090 1015 3137 quo
1032 3091 1062 3125 ue

199 3130 308 3194 legatur,
323 3132 445 3201 multaque
463 3135 490 3181 in
500 3134 551 3181 aliis
567 3137 648 3185 multis
666 3136 731 3185 foede
749 3140 773 3185 &
789 3135 901 3184 mendose
911 3134 1017 3200 scriptae
1036 3154 1064 3199 e,

200 3207 251 3257 quae
261 3193 299 3241 bic
308 3211 359 3243 non
368 3196 514 3259 reperiantur.
534 3200 610 3248 Viiior.
644 3203 720 3248 Miror
735 3197 842 3262 quisnam
856 3197 969 3247 intruserit
983 3201 1061 3258 iliud,

198 3272 240 3299 non
249 3255 308 3301 modi
324 3275 363 3303 nnn
369 3262 477 3319 pramiis,
493 3258 559 3322 quod
569 3262 593 3308 in
603 3262 671 3309 nullo
686 3264 758 3325 reperi
773 3260 823 3310 mis.
840 3261 886 3309 Pal.
904 3277 980 3326 neque
991 3267 1059 3313 Grut.

199 3332 276 3381 neque
286 3316 389 3367 editione
397 3322 506 3385 principe.
515 3319 716 3396 aberatquedcod.
724 3324 847 3373 stewechii.
854 3323 949 3371 exclusit
961 3324 1063 3390 denique

200 3379 310 3433 Lambin.
317 3383 431 3431 Victorius
442 3384 497 3431 verb
508 3399 558 3431 non
568 3384 645 3434 solum
656 3385 701 3433 hoc
712 3384 816 3442 admisit,
832 3385 953 3436 sedetiam
963 3402 1007 3451 pro
1017 3392 1063 3436 nnis

198 3446 295 3502 nantum,
310 3449 417 3495 namium:
432 3445 510 3496 nescio
520 3445 603 3520 quibus
613 3447 711 3501 fiduciis.
727 3449 833 3504 Gebhard.
914 3503 917 3511 ¹

244 3547 247 3553 .
948 3520 984 3575 ³⁶·
1003 3519 1064 3565 Vnae
