2272 4020
58 745 75 784 t
90 732 174 781 itaedd.

57 812 103 846 vett
117 798 160 843 alii

56 858 152 911 tuendo.

74 959 76 962 ‘
93 970 99 1007 r

204 136 247 220 46
298 216 301 223 ,
332 128 503 197 Error.
538 146 602 193 nr>
637 125 936 192 Liburnium

198 243 334 315 licuisset;
361 245 426 305 cbm
452 242 585 302 afflieium
605 244 724 301 excitare
742 239 898 319 potuissent.
934 238 1069 316 Quor'br'ri'

202 323 318 399 quidem
331 325 456 382 animum
469 334 501 379 tu
512 338 571 377 non
591 319 743 395 perspexisti
761 320 865 388 solum,
885 318 951 376 cirm
970 315 1006 374 de
1019 318 1069 402 md
1083 338 1095 369 ·‚

204 417 321 474 ageres,
348 399 393 458 sed
412 399 495 456 etiam
516 395 680 454 confirmasti
698 409 780 473 atque
800 395 915 455 tenuisti.
954 394 1020 468 Qua
1038 398 1095 451 m!

204 477 281 534 causa
296 474 336 551 (47
344 494 403 535 non
417 472 505 532 modo
518 491 577 531 non
591 473 722 548 negabo,
741 473 787 530 sed
808 474 891 531 etiam
907 470 1019 544 semper
1038 470 1070 527 δι
1087 490 1095 535 ν,

204 554 383 621 meminero,
404 553 434 609 &
453 550 608 626 praedicabo
626 550 759 626 libenter)
778 550 838 608 usus
859 566 887 606 es
926 544 1068 605 uibusdam

202 628 368 687 nobilissimis
388 627 567 693 hominibus,
594 626 750 685 fortioribus
768 627 798 685 in
819 644 866 684 me
885 628 924 682 res
938 621 1080 709 tuendo,¹

204 703 289 781 qu‘am
302 704 409 762 fuerant
428 705 513 762 iidem
533 703 562 759 in
582 702 748 761 '‘tenendor
769 721 823 780 qua
842 704 872 760 in
897 700 1031 758 sententia
1047 702 1095 757 11*

202 781 324 839 constare
338 777 497 848 voluissent,
516 777 590 835 suam
604 779 796 837 auctoritatem
809 777 888 847 simul
908 792 974 834 cum
987 774 1070 832 salute

203 875 267 917 mea
279 855 484 931 recuperassent.
502 854 531 910 48
539 855 676 912 Recreatis
690 855 766 914 enim
780 856 858 915 bonis
870 854 933 913 viris
947 850 1070 985 confug

206 1045 298 1101 mnium
307 1044 490 1118 probatissimus,
506 1053 532 1101 δι
545 1051 706 1116 integerrimus
720 1052 740 1100 li
769 1049 814 1111 [set
827 1064 868 1112 pet
882 1046 996 1114 qscribita
1011 1044 1068 1109 [πρε

208 1117 273 1163 enim
283 1118 387 1165 invenias
402 1118 426 1162 in
441 1117 542 1180 antiquis
559 1115 729 1180 exemplaribus
761 1129 786 1162 as
801 1112 879 1161 literas
894 1115 955 1161 inter
963 1108 988 1159 se
1002 1122 1066 1157 corn·

208 1181 305 1235 mutari,
322 1182 347 1228 &
358 1176 456 1227 viciffim
465 1179 563 1228 alteram
572 1194 615 1243 pro
626 1179 699 1226 altera
714 1179 783 1242 capi,
798 1187 823 1223 ut
838 1178 863 1224 in
879 1175 926 1224 hoc
942 1172 973 1220 ad
987 1176 1066 1220 Mem=

207 1242 283 1291 urium
297 1241 360 1306 epist.
383 1251 414 1306 Q
425 1240 511 1290 valerii
524 1241 555 1290 fic
570 1245 636 1290 lo'cus
651 1241 692 1288 ille
708 1243 808 1306 legitur:
830 1243 906 1304 Qare
922 1237 1069 1302 cuspidem

208 1309 303 1351 omnium
315 1306 496 1354 commendationis
510 1307 600 1367 cauffim
613 1308 652 1350 hac
664 1305 705 1352 ribi
722 1305 808 1369 epistola
820 1306 960 1367 exponendam
970 1303 1068 1364 pictavii

206 1367 293 1416 cericeis
301 1369 391 1430 epistolis
400 1382 484 1417 taurum
493 1365 589 1424 faciam,
605 1370 651 1417 διε.
673 1366 759 1417 eodem
772 1365 834 1416 libro
849 1369 874 1415 in
883 1366 948 1431 epist.
966 1364 996 1413 ad
1006 1366 1066 1411 Sem

184 1458 187 1467 ·
207 1433 275 1495 ch
283 1432 371 1479 relicum
379 1434 419 1492 ess,
434 1433 503 1502 velim
513 1444 634 1495 augeastua
643 1436 722 1478 incunt
731 1431 840 1492 beneficia,
856 1431 900 1482 duc.
933 1427 974 1478 Est
989 1438 1068 1476 autem

209 1493 258 1542 haec
269 1495 368 1542 omuino
378 1493 526 1543 commodior
542 1499 567 1542 bc
582 1495 658 1541 verior
671 1494 761 1543 lestio:
778 1509 828 1559 non
843 1493 908 1546 enim
917 1506 1069 1557 pugnarunt,

209 1559 317 1620 quamvis
333 1562 407 1619 parati
420 1555 492 1607 essent
507 1559 532 1604 δι
548 1553 636 1605 vellent
654 1571 758 1623 pugnare
772 1572 815 1623 pro
834 1556 906 1608 salute
926 1559 978 1606 Cic.
999 1555 1069 1607 duce

144 1634 147 1639 ’
209 1620 275 1668 euim
287 1616 416 1670 defuerunt.
443 1623 520 1670 Utitur
529 1616 601 1668 etiarn
614 1618 658 1666 hac
669 1621 752 1670 eadem
760 1621 881 1671 locutione
889 1621 915 1667 in
925 1618 965 1669 lib.
977 1618 1008 1669 ad
1018 1624 1069 1671 Seru

209 1680 273 1745 epist.
291 1681 320 1730 ad
331 1686 417 1733 caton.
440 1699 493 1733 cum
509 1682 607 1730 eandem
622 1681 671 1730 fere
691 1683 830 1733 sententiam
840 1695 987 1749 exponeret,
1001 1687 1071 1731 Mite·

209 1748 265 1809 quad
280 1747 406 1803 invidiam,
427 1751 482 1811 quod
497 1749 615 1809 pericula,
645 1750 701 1810 quod
721 1765 788 1793 omnes
806 1765 862 1795 meas
878 1745 1024 1808 conpestaee's,
1043 1749 1070 1800 (γ

204 1809 313 1869 subieris,
330 1810 356 1859 dr
370 1812 511 1857 multoeciam
525 1814 611 1872 magis,
621 1808 643 1866 st
653 1823 691 1871 per
700 1827 733 1857 mc
744 1811 844 1871 licuisset,
851 1811 922 1872 subire
927 1810 1072 1872 paratrffim

202 1872 283 1930 fucris.
301 1872 423 1921 victorius.
456 1875 556 1934 Libus‘ffet
565 1873 631 1919 unius
642 1871 724 1921 littere
735 1875 867 1921 mutatione
881 1871 991 1937 libentius
1006 1874 1072 1939 lege*

207 1950 271 1989 rem,
286 1932 399 1983 veteribus
409 1938 481 1984 etiam
490 1936 613 1993 librisnon
622 1937 809 2000 repugnantibus.
824 1937 921 1995 Ursinus.
953 1935 1030 1985 valde
1039 1935 1073 1986 est

207 1998 233 2045 in
244 1995 338 2045 diverfis
348 2000 517 2063 exemplaribus
528 2000 590 2047 varia
600 1998 667 2058 hujus
678 2002 725 2047 loci
736 1998 862 2062 scriptura,
882 2012 908 2046 ut
924 2012 996 2056 eum,
1013 2001 1072 2065 quin

208 2059 293 2109 alicubi
303 2074 421 2123 corruptus
430 2061 471 2118 sn,
489 2061 587 2110 dubitati
595 2077 646 2115 non
656 2060 863 2133 possit-,fluidnam
873 2059 996 2111 reb'tiffime
1007 2063 1072 2128 lega*

208 2138 261 2171 mus
272 2125 419 2186 querendum
429 2121 474 2173 esse
484 2125 593 2173 uideatur.
626 2125 708 2187 Aliqui
717 2126 869 2235 igitufflrgna
882 2125 1007 2185 restitissent.
1025 2131 1072 2175 Ve-

208 2187 275 2234 neti:
299 2189 326 2232 Si
336 2190 365 2231 iis
376 2198 456 2247 prome
466 2188 535 2247 stante
545 2189 700 2249 pugnaielicui
714 2200 741 2235 et.
831 2185 959 2245 similiter,
975 2186 1015 2238 sed
1029 2203 1074 2254 pro

209 2249 314 2307 iicmffer,
334 2248 431 2308 iiius‘ffct.
465 2253 527 2297 Stare
543 2262 621 2297 autem
641 2247 756 2313 fignificat
772 2251 797 2298 δι
814 2249 869 2298 alibi
885 2251 975 2311 firlvum
988 2253 1027 2313 effe
1047 2254 1074 2302 δε

208 2314 340 2360 incolumem.
373 2315 405 2358 Ut
416 2310 467 2362 Lib.
479 2319 518 2362 Vl.
535 2311 565 2359 ad
574 2315 646 2360 Attic.
658 2321 707 2359 Non
720 2329 760 2376 quo
775 2313 846 2358 ullum
856 2316 975 2376 periculum
985 2318 1075 2363 videm

204 2373 274 2433 stante
283 2376 343 2420 modo
353 2379 468 2437 Pompejo‚
483 2379 520 2422 vel
528 2380 593 2422 etiam
600 2377 700 2436 sedente,
715 2378 789 2422 valeat
797 2376 857 2421 modo
873 2377 918 2427 &co
949 2383 980 2425 Et
990 2377 1073 2443 virgili

209 2440 314 2501 Troiaque
324 2438 467 2497 nuncstms,
484 2440 657 2507 Priamiqucarx
674 2441 720 2484 cita
734 2454 832 2487 maneres.
866 2439 990 2562 Alijuibus
1000 2445 1075 2491 etiam

107 2530 111 2537 -
210 2502 236 2548 in
246 2493 310 2548 libris
320 2499 381 2547 hanc
396 2498 530 2564 scripturam
543 2501 687 2565 reperimus:
710 2504 738 2547 Si
751 2505 789 2558 ii,
806 2514 844 2564 pro
860 2519 893 2548 me
914 2514 972 2549 tante
982 2517 1078 2568 pugna,-

210 2560 393 2626 nonreliqmffcnt.
415 2569 447 2612 Ut
464 2565 532 2615 Ovid.
549 2570 591 2611 Pro
606 2568 671 2624 Troja
681 2563 751 2624 stabat
766 2567 857 2626 kApollo.
890 2570 921 2614 Et
936 2581 994 2614 mox
1010 2585 1079 2632 quam

208 2626 297 2684 fuerant
311 2628 376 2674 iidem
392 2632 416 2673 in
431 2631 511 2677 cusandi.
539 2629 623 2675 veneti
632 2627 733 2683 cestius,
749 2640 774 2675 ut
784 2627 873 2676 videtur
886 2628 997 2678 tenendo.
1017 2639 1076 2682 Cam.

211 2687 353 2735 Emendatio
364 2690 498 2739 vistoriiex
512 2693 605 2756 optimo
621 2688 701 2738 codiee
715 2689 862 2739 Bibliothecae
877 2690 1009 2750 Medicaeae,
1025 2704 1078 2760 quae

211 2752 271 2798 item
281 2749 418 2813 conspicitur
427 2755 451 2802 in
462 2755 535 2803 vatic.
547 2753 663 2802 stewech.
674 2765 783 2818 preterea
792 2754 821 2802 ad
831 2766 898 2801 oram
908 2753 1020 2804 editionis
1030 2760 1080 2823 pri·

211 2828 257 2861 mae
268 2827 339 2860 manu
350 2819 414 2879 Bapt.
427 2818 533 2880 Egnatii,
549 2816 644 2874 addito,
659 2816 682 2864 le
714 2831 738 2864 re
752 2816 773 2865 se
787 2815 854 2865 litcrd
869 2816 917 2863 und
933 2817 1010 2868 adhdc
1025 2835 1080 2869 rnu-

212 2889 281 2933 tata,
297 2877 405 2936 libuisset:
422 2893 494 2942 quarn
509 2880 637 2928 lestionem
651 2832 740 2928 exffire
754 2879 818 2938 ajunt
837 2880 861 2926 in
877 2877 938 2928 libro
958 2883 1078 2934 Politiani.

213 2941 320 3004 vulgati:
338 2943 365 2986 Si
375 2943 393 2985 ii
406 2953 486 3003 prome
495 2942 564 2999 stante
576 2957 646 3004 pugna
656 2961 697 2988 non
711 2942 838 3002 dcstirrffent.
855 2939 894 2989 sed
904 2943 950 2992 Pal.
964 2957 1017 2995 tert.
1029 2948 1081 2997 edi·

212 3004 248 3050 tio
258 3005 346 3066 prima:
360 3003 380 3060 fi
393 3003 417 3048 hi
429 3017 466 3065 pro
481 3004 588 3062 mestanre
600 3019 670 3067 pugna
679 3023 719 3050 non
729 3005 862 3068 relae'qtcrffcnr.
880 3018 954 3068 quart.
971 3022 998 3056 ac
1010 3014 1081 3060 Grue-

209 3077 248 3127 pro
259 3084 291 3112 me
296 3066 364 3125 stante
371 3078 440 3127 pugna
450 3066 572 3126 restitissent.
590 3065 707 3117 Gebhard.
975 3124 979 3129 ⁵

245 3144 282 3186 47.
302 3128 360 3190 (Non
374 3131 433 3188 modo
450 3147 489 3176 nan
499 3129 567 3192 &ab
582 3129 725 3179 Parenthesrs
734 3130 782 3178 haec'
797 3131 885 3181 dudum
901 3137 950 3181 erat
959 3134 988 3183 ab
998 3132 1083 3203 aliquo

216 3189 366 3254 ingeniofiori
375 3189 455 3238 diffirta
463 3194 488 3240 in
500 3197 566 3242 Grut.
573 3209 645 3256 quam
656 3192 735 3258 posted
745 3193 784 3242 suo
794 3195 854 3244 libro
865 3196 982 3246 commifit
989 3202 1083 3253 Gulie1=

217 3256 291 3308 mius,
307 3270 356 3300 non
366 3253 414 3306 fine
424 3255 471 3302 loci
480 3258 552 3303 totius
562 3256 626 3313 luce;
642 3272 666 3304 ut
678 3267 780 3320 argueret
788 3258 930 3308 Lambinum
941 3261 1012 3311 nimis
1024 3281 1083 3329 prae-¹

216 3318 312 3380 cipitem
323 3318 428 3364 mutandi
440 3315 558 3380 sequentia
566 3332 585 3365 te
595 3322 654 3380 usum
665 3320 701 3378 effe
710 3322 1013 3382 qzribusdam,auimadversa
1023 3344 1085 3393 quo-

218 3395 264 3446 que
270 3380 366 3442 ingenio
372 3380 696 3445 Henricistephaniscbedias
708 3382 758 3432 Lib.
769 3401 802 3435 11.
821 3400 869 3449 cap.
877 3397 914 3438 26.
934 3390 997 3437 Geir.

251 3452 288 3504 4⁸·
304 3446 411 3508 cheaeis
421 3446 477 3493 enim
486 3446 543 3497 bonit
553 3449 611 3499 uiris
622 3446 793 3510 consulatum]
815 3453 869 3504 Neu
879 3453 935 3518 quia
945 3450 1033 3504 horum
1044 3462 1087 3505 e'o‘-

1007 3518 1089 3574 uicum
