2272 4020
218 171 279 237 ¹44
317 121 1003 214 Errsr.roArrr‘u'uPurc1rruu

217 259 342 321 nostrum
363 259 437 321 redii
450 258 569 330 fecerit,
594 254 642 316 sed
660 276 720 318 non
747 258 824 318 idem
843 270 960 335 uterque
979 254 1088 317 secutuu'

216 337 264 397 fit:
284 338 361 397 hunc
388 355 442 413 ego
462 337 585 395 amicum
604 334 705 394 habere
725 353 785 395 non
812 352 888 393 curo.
927 334 1090 394 Liberalitas

172 466 178 481 ,
216 425 281 485 tua,
299 428 332 473 ut
344 414 465 474 hominis
485 410 665 482 nobilissimi,
683 410 760 472 latius
781 413 810 470 in
829 410 973 487 provincia
1011 412 1090 471 aurit.

68 467 209 581 ‘snssffispffi
217 501 247 545 79
255 492 354 551 Nostra
367 492 387 550 fi
403 489 554 567 sangustior
575 486 636 564 (etsi
650 488 745 548 detur
759 487 865 565 prolixa
879 531 888 557 ,
906 488 978 545 bene
1000 504 1089 565 caque

68 550 211 649 {nfjfflabq
218 580 313 627 natura
328 568 451 627 tlimauit
470 565 572 642 aliquid
591 564 725 641 posterior
744 582 854 634 annus,
874 574 987 639 propter
1000 582 1089 652 quan·

68 666 140 712 uss,
218 644 283 703 dam
296 645 428 703 tristitiam
441 642 615 720 temporum)
635 660 694 702 non
708 642 809 701 debent
830 642 922 701 mirari
940 641 1090 717 hommes,

70 727 151 774 carrel.
218 719 284 779 cum
297 723 329 780 &
348 720 444 782 narmi
457 720 563 794 semper
581 718 617 776 ad
633 718 806 795 largiendum
826 736 861 776 ex
880 717 973 777 alieno
987 718 1089 777 fuerim

220 798 379 867 restriffior,
400 800 430 855 δι
443 794 612 873 temporibus
621 838 629 863 ,
637 796 734 871 quibus
747 796 792 853 alii
804 806 973 869 mmmmm,
991 794 1089 853 iisdem

71 910 86 946 v
114 910 213 945 moneas
221 892 274 950 ego
288 888 440 933 vmovear:
462 894 503 931 mo
517 872 560 948 effe
574 871 695 930 acerbum
708 869 782 947 fibi,
804 888 836 929 ur
846 867 900 947 fim
916 870 1000 928 dulcis
1013 870 1090 931 mihi.

72 962 209 1010 rruuuliel.
220 952 266 1009 De
281 953 360 1009 rebus
373 951 479 1009 urbanis
494 948 572 1025 quod
585 966 632 1006 me
646 950 796 1007 certiorem
810 947 897 1007 fecisti
913 989 922 1016 ,
955 944 1023 1005 cbm
1042 964 1089 1023 per

217 1027 246 1085 se
267 1029 335 1086 mihi
355 1040 463 1103 gratum
483 1027 551 1095 fuit,
571 1038 632 1083 tum
647 1024 725 1104 quod
738 1023 888 1101 significasti
903 1066 911 1093 ‚
929 1023 981 1083 tibi
989 1025 1088 1083 omnir

219 1122 284 1162 mea
298 1105 426 1163 mandata
441 1122 514 1161 curae
529 1104 598 1161 forr.
637 1103 671 1161 In
685 1102 781 1179 quibus
795 1119 883 1159 unum
897 1100 966 1158 iliud
978 1112 1007 1159 te
1020 1118 1088 1177 prae-

220 1178 301 1256 cipub
314 1198 402 1256 rogo,
423 1192 454 1238 ut
468 1198 561 1249 cures,
581 1198 617 1238 ne
630 1178 698 1256 quid
712 1178 781 1237 mihi
793 1177 829 1235 ad
841 1178 898 1235 hoc
917 1178 1024 1253 negotii
1041 1189 1088 1237 aut

219 1258 310 1314 oneris
323 1258 436 1316 accedat
451 1300 459 1326 ,
478 1268 526 1313 aut
538 1258 691 1330 temporis:
718 1253 975 1330 Hortensiumque,
993 1250 1024 1295 ⁸0
1036 1272 1089 1315 no-

219 1332 304 1391 strum
318 1335 471 1412 collegam,
492 1335 522 1389 &
535 1334 715 1403 familiarem,
736 1350 831 1409 rogeS,
850 1342 898 1399 ut,
918 1330 1088 1408 fiumquam

220 1406 247 1452 ⁸¹
258 1428 320 1470 mea
335 1412 412 1469 causa
435 1407 588 1486 quidquam
608 1420 656 1469 aut
675 1408 779 1482 sensit,
798 1418 845 1469 aut
864 1408 955 1476 fecit,
982 1406 1019 1466 de
1038 1408 1088 1465 hac

1021 1502 1090 1562 quo·

221 1643 290 1689 amici
307 1646 382 1708 „Appii
392 1644 483 1692 ridicule
500 1644 684 1706 interpretantur,
704 1646 744 1708 qui
762 1661 795 1692 me
806 1642 884 1690 idcirco
896 1652 975 1704 putant
989 1640 1038 1688 bene
1050 1656 1090 1707 pn-
1125 1630 1128 1665 Ι

221 1705 269 1752 dire
285 1709 343 1752 velle
357 1722 381 1754 ur
396 1710 434 1755 isse
449 1708 505 1752 male
520 1709 615 1763 audiat,
637 1709 663 1758 ἐν
686 1710 739 1755 resse
755 1708 826 1767 farere
842 1723 882 1751 non
901 1722 950 1751 meae
967 1706 1043 1752 laudis
1051 1702 1089 1765 sd

219 1770 285 1815 iliius
295 1773 421 1818 contumelia
435 1770 509 1831 cmpfflz.
532 1769 620 1819 Vistor.
653 1772 683 1816 Te
695 1782 758 1831 purat
772 1767 900 1834 legendum
920 1767 1043 1832 suspicor,
1058 1768 1089 1815 ita

221 1830 355 1894 postulante
370 1833 490 1884 sententia⁴
514 1834 611 1891 vrstnus.
645 1834 740 1892 Ladife
755 1844 820 1894 purat
833 1830 921 1880 babent
937 1844 1025 1879 omnm
1039 1828 1089 1879 libri

220 1896 248 1942 ὅ(
260 1899 325 1945 MSS.
343 1899 368 1945 δι
379 1897 476 1961 vulgati.
493 1909 551 1960 puro
562 1909 656 1952 autem,
672 1894 780 1953 obscure,
797 1897 822 1944 ὃ(
835 1896 872 1959 (ut
881 1896 915 1942 ita
924 1892 1017 1957 dicam)
1030 1892 1089 1943 obli·

145 1950 149 1965 “
219 1970 267 2019 que
277 1956 401 2022 significari
416 1962 519 2024 Appium
536 1957 618 2023 ipsum.
651 1964 731 2021 Atque
745 1956 833 2006 idcirco
848 1954 948 2021 quidam
961 1956 1089 2022 legendum

218 2024 402 2131 ppranrgamlbadi
420 2035 440 2069 te
461 2036 547 2086 purat:
570 2036 620 2086 qur
641 2022 713 2071 lesbio
730 2022 807 2070 mubo
823 2020 919 2085 planior
943 2034 971 2068 ac
996 2018 1089 2070 facilior

220 2097 234 2130 t
254 2097 283 2132 ct.
370 2102 425 2134 mus.

252 2162 288 2202 79.
306 2147 384 2205 Nostra
395 2149 416 2205 fi
425 2164 455 2209 aq
465 2147 532 2207 ustior
550 2147 597 2209 (nst
617 2149 642 2194 de
658 2159 697 2194 rua
716 2148 803 2209 prolixa
818 2146 948 2209 beneficaque
966 2159 1049 2195 namra
1062 2148 1091 2195 si·

220 2213 293 2255 mavit
311 2211 399 2273 aliquid
417 2164 518 2271 psterior
538 2216 624 2267 aunum]
650 2214 694 2259 Pro
710 2212 800 2256 limavit
815 2211 856 2259 alii
873 2208 961 2257 habent
977 2212 1090 2267 elimam,

221 2271 261 2319 alii
283 2272 400 2320 limitavit.
434 2271 520 2320 vetusti
539 2271 577 2320 bic
602 2270 693 2323 codices
713 2271 824 2321 nonnihil
847 2271 928 2320 mendi
950 2276 1090 2323 continent:

220 2331 289 2397 quod
298 2346 392 2389 tamen,
407 2346 514 2398 utputo,
529 2333 600 2382 facile
608 2336 665 2384 tolli
675 2334 765 2401 potest:
782 2334 813 2383 sic
823 2337 888 2384 enim
898 2336 924 2383 in
936 2336 985 2384 illis
998 2336 1092 2402 legitur,

221 2398 314 2443 limavit
324 2399 382 2453 abir,
398 2398 442 2448 oc.
460 2402 516 2445 sunt
526 2410 606 2446 autem
622 2399 664 2462 (ni
678 2398 763 2459 fallor)
785 2412 885 2462 quatuor
900 2399 991 2447 ultimoe
1011 2399 1093 2459 bitrem

221 2456 258 2507 bis
271 2461 385 2524 repetitae:
402 2475 456 2507 cum
471 2458 567 2508 sortasse
580 2459 686 2510 librarius
705 2460 806 2510 eandem
823 2462 955 2510 distiouem
971 2476 999 2511 ut
1016 2461 1093 2513 direr-

220 2520 272 2571 sam
282 2524 391 2587 imperite
400 2520 435 2571 bis
445 2521 564 2586 scripsisset
574 2538 581 2570 ε
599 2523 669 2574 credo
679 2527 744 2573 enim
754 2526 779 2571 in
790 2524 871 2590 aliquo
881 2526 1015 2589 exemplati
1025 2528 1091 2573 lina·

219 2586 252 2632 hir
267 2583 377 2650 scriptum
396 2585 479 2635 fiisse:
501 2588 562 2634 olim
579 2600 659 2636 autem
676 2588 750 2653 (nam
764 2584 821 2650 sirpe
835 2590 847 2634 b
862 2601 904 2650 pro
917 2605 934 2635 v
955 2587 1092 2653 ponebant,

221 2661 248 2696 ut
258 2665 287 2696 ex
299 2649 392 2698 vetustis
403 2647 518 2712 lapidibus
529 2648 659 2713 colligitur)
676 2651 815 2724 quempiam
824 2648 920 2700 fortasse
932 2685 939 2708 ,
962 2666 996 2699 ne
1011 2652 1037 2701 id
1051 2652 1094 2701 ali·

219 2712 395 2774 quemfulleret
427 2725 548 2776 utarerque
563 2716 609 2761 esic
619 2713 691 2763 sutum
708 2714 847 2775 temporis,
873 2710 940 2775 supra
958 2726 1094 2765 extrariam

220 2786 314 2846 partem
323 2776 386 2823 illius
415 2776 508 2823 rstionis
520 2778 604 2823 rimabit
616 2810 624 2831 ‚
638 2782 689 2824 avit
704 2772 830 2838 scripsisse:
846 2775 912 2839 quod
928 2775 1039 2827 librarius
1053 2776 1094 2843 (μ’

219 2835 276 2885 rude
290 2835 425 2902 descripsit,
447 2851 471 2886 ut
493 2838 623 2887 restitutum
639 2844 665 2890 δι
683 2840 834 2888 necesiiuimn
859 2837 959 2887 verbum
985 2856 1042 2893 acce
1058 2842 1093 2897 it,

219 2901 371 2965 prioremque
381 2899 511 2949 distionem
522 2902 639 2966 integram
649 2901 742 2966 scripsit.
760 2903 793 2950 ita
808 2903 883 2951 nimia
894 2904 920 2950 &
937 2904 1033 2955 curiosa
1041 2856 1093 2953 gili·

220 2966 303 3027 genria
312 2979 363 3013 non
371 2977 454 3028 pamm
464 2965 553 3027 peccati
563 2964 664 3016 admisit.
698 2968 818 3012 Limiravir
828 2978 908 3013 autem
918 2969 1026 3025 omnino
1037 2978 1092 3043 pm

222 3026 364 3075 mendosum
375 3023 427 3075 esse,
461 3030 569 3074 Limirare
582 3030 647 3077 enim
659 3024 705 3076 effe
716 3026 824 3076 existimo
835 3028 922 3077 limites
937 3031 1092 3081 &tenum
1117 3052 1120 3057 ·

222 3090 354 3140 collocare:
370 3092 462 3137 limavit
471 3101 550 3137 :iurem
567 3091 606 3139 hic
621 3092 707 3140 minuit
725 3094 876 3152 μιταφεριιῶς
893 3106 981 3141 omnes
999 3094 1092 3145 inurssss

225 3150 329 3218 sumptus
357 3150 404 3201 uasi
416 3153 568 3203 conterendo.
588 3158 700 3205 isidorius.

257 3224 294 3266 80.
310 3224 344 3275 Νι,
421 3218 519 3277 collegam
526 3208 679 3284 J‘Collcgam
690 3215 950 3327 Appiicfirfflglipetrarpuigt
951 3230 986 3327 u}
985 3226 1092 3329 118th

898 3313 906 3327 ·
1032 3294 1056 3345 P·

225 3286 269 3325 ru:
285 3278 352 3344 quod
367 3279 452 3344 legitur
461 3279 488 3326 in
508 3284 629 3343 prooemio
643 3281 698 3330 libri

224 3344 345 3392 1’.Manur.

257 3411 294 3452 81.
311 3410 363 3451 Mea
372 3406 442 3465 cauffo
452 3406 572 3469 quidquam
581 3419 620 3451 aur
630 3404 714 3463 senfin]
744 3409 772 3452 lu
786 3418 867 3452 meam
883 3404 989 3467 gratiam
1004 3404 1091 3457 struit,
1116 3439 1119 3450 ·

225 3466 307 3516 mimo
315 3465 359 3534 ¹suo
369 3467 490 3530 probavit,
507 3481 546 3517 aut
558 3466 644 3519 censuit
657 3469 684 3515 in
693 3470 785 3517 Senam
807 3467 832 3529 7.
843 3471 869 3517 F.
880 3471 980 3520 (iram.
1069 3532 1092 3577 1.
1115 3457 1120 3520 s

1018 3542 1056 3583 82.
1114 3554 1118 3566 '

1106 3576 1121 3884 i
