2272 4020
224 252 413 325 errrrr
455 260 750 346 Qornrut.
872 278 932 355 143

60 377 240 448 patavcnmtt
261 382 292 427 tu
305 388 420 448 quoque
433 373 520 431 ⁸item
534 372 645 433 ciuilem
659 374 881 450 conjurationem
897 377 952 452 ιιι,
968 402 1001 453 pm
1011 397 1084 461 MSS.

59 448 197 508 holblibus
229 447 402 525 extentisque
426 448 499 507 bellis
523 449 698 527 tsejungeres.
736 448 876 528 Equidem
895 454 952 515 adr
970 484 1021 517 non

59 526 180 585 nostram
200 522 310 582 laudern
331 543 391 583 non
413 524 531 585 multum
551 527 636 586 video
655 524 802 587 interesset
830 529 876 589 sed
895 530 930 589 ad
941 528 1029 596 sejung.

59 601 285 676 properationem
302 618 396 660 meam
409 601 541 680 quiddam
554 603 664 663 interest
681 638 691 674 5
710 622 770 665 non
790 616 819 663 te
838 598 996 681 eripe-MS·

60 678 160 747 aare,
179 677 246 736 dum
261 677 295 735 ad
316 677 413 736 locum
434 680 550 745 veniasr
571 680 713 741 aestatim
733 680 841 739 caulam
858 682 932 741 illam

59 758 169 824 totam,
189 756 342 828 &tempus
356 756 480 829 arripere.
518 755 556 815 Et
567 754 672 827 simul,
692 757 713 815 fi
733 775 791 815 uno
810 758 839 816 in
853 776 932 832 argu·

58 844 183 899 mento,
202 848 314 906 unaque
334 831 364 888 in
384 831 497 907 persona
519 849 598 891 mens
623 845 670 892 tua
690 844 749 893 tota
770 833 933 904 versabitur,

59 920 147 966 cerno
163 906 222 981 jam
246 908 367 977 animo,
387 920 492 984 quanto
516 911 611 968 omnia
632 910 757 969 uberiora
777 922 859 985 atque
887 929 933 968 or-·

61 984 169 1043 natiora
183 984 273 1041 futura
287 983 346 1042 sint.
385 985 486 1061 Neque
507 996 601 1044 tamen
622 988 739 1062 ignom,
759 985 845 1061 quim
859 987 959 1043 vim—v
975 985 1063 1061 impu-

59 1060 197 1136 pudenter
209 1060 326 1129 faciam,
346 1061 394 1138 qui
409 1063 529 1136 primum
550 1063 598 1120 tibi
612 1075 720 1122 tantum
735 1063 825 1122 oneris
840 1064 933 1137 impo·
944 1057 1027 1110 denter

60 1146 147 1205 nam,
166 1135 266 1211 (potest
280 1139 357 1196 enim
372 1138 440 1196 mihi
455 1137 590 1214 denegare
606 1139 755 1214 occupatio
776 1139 833 1212 tua)
855 1138 932 1199 dein·
943 1125 1015 1174 Μεθ’·

60 1212 99 1271 de
112 1213 213 1281 etiam,
233 1225 264 1271 ut
277 1232 357 1272 ornes
371 1232 436 1283 me,
457 1214 600 1289 postulem.
626 1215 705 1291 Quid
718 1214 739 1272 fi
751 1214 795 1273 illa
808 1216 857 1273 tibi
871 1234 931 1289 non

60 1294 229 1363 *tantopere
255 1289 382 1349 videntur
403 1290 552 1350 ornanda?
582 1291 634 1349 Sed
649 1303 761 1360 tamen,
781 1293 828 1367 qui
848 1290 960 1350 semelr
977 1306 1047 1353 tanto

60 1365 240 1424 verecundiae
253 1364 320 1424 fines
334 1367 483 1437 transierit,
503 1383 569 1426 eum
583 1367 691 1426 benc&
704 1369 809 1425 naviter
823 1380 934 1442 oportet
944 1379 1016 1430 0l⁶¹⁸
1030 1368 1085 1417 MS*

60 1439 116 1501 elle
130 1441 332 1516 impudentem.
372 1443 468 1519 ltaque
488 1455 517 1502 te
536 1441 618 1520 plane
638 1444 722 1501 ctiam
743 1455 826 1519 atque
848 1446 932 1502 etiarn

58 1526 93 1577 'ro
112 1536 149 1587 o,
169 1528 199 1574 ut
214 1519 243 1576 &
264 1537 344 1577 ornes
366 1534 399 1579 ea
418 1518 609 1579 vehementius
628 1521 733 1577 retiam
749 1554 758 1589 ,
777 1518 862 1596 quam
877 1522 960 1583 for-r
975 1519 1049 1593 “13⁸¹

63 1535 128 1655 rade
143 1594 247 1663 sentis,
267 1597 296 1652 δι
310 1597 339 1653 in
354 1613 389 1654 eo
408 1595 480 1670 leges
500 1596 618 1655 historiae
638 1596 779 1671 negligas:
805 1597 934 1673 gratiam-
944 1581 1084 1642 d'fimm‘

64 1686 120 1805 {ue
142 1671 241 1740 illam,
268 1671 302 1728 de
326 1689 380 1747 qua
406 1670 557 1731 suavissim'c
583 1673 705 1748 quodam
730 1673 760 1730 in
792 1673 933 1747 prooemio

93 1745 203 1825 ripfisti‚
221 1746 274 1806 ⁶4i
289 1765 343 1824 qua
355 1758 385 1805 tc
398 1747 488 1808 ²affici
500 1766 560 1808 non
573 1750 659 1825 magis
676 1744 793 1823 potuille
815 1747 961 1809 demon-2
976 1762 1052 1814 vrum
1069 1818 1072 1823 ,

856 1824 935 1897 strar,
947 1823 1017 1875 fierit
1028 1828 1073 1875 alir‘

947 1886 1050 1941 deflectu

67 2011 70 2017 ,
98 1954 135 2020 ⁶42
154 1962 183 2009 Α
199 1974 243 2024 qua
253 1970 273 2005 re
282 1959 340 2021 affici
355 1970 395 2008 nm
409 1964 477 2025 magu
490 1961 596 2025 pransa]
624 1960 728 2023 Quidam
743 1972 787 2026 pro
803 1961 861 2023 affici
874 1963 938 2010 autu

64 2021 75 2080 l
139 2034 162 2080 t,
179 2039 231 2088 quae
247 2025 370 2071 varietates
388 2026 494 2073 oriuntur
508 2040 537 2072 ex
553 2024 664 2099 ambigua
680 2029 825 2088 &corrupta
840 2026 939 2088 antiqua

63 2036 169 2135 lewine
181 2102 188 2133 r
205 2087 230 2135 in
242 2081 378 2135 melioribus
388 2088 454 2135 enim
464 2085 581 2137 codicibus
591 2091 663 2150 afferri
673 2086 713 2136 scri
730 2100 782 2135 tum
797 2085 846 2134 est:
863 2101 937 2151 quam

63 2163 150 2206 ¹vocem
162 2164 207 2196 nos
216 2150 289 2197 etiam
301 2148 427 2215 diligenter
437 2147 634 2199 consideravimus
645 2184 653 2205 ‚
675 2165 701 2198 ce
728 2148 849 2212 rrimusque'
864 2151 938 2198 tutius

62 2211 112 2275 legi
121 2207 253 2276 polsefletli
264 2227 315 2261 non
325 2213 427 2260 omnino
437 2215 506 2261 nimis
518 2214 618 2277 longera
635 2211 763 2278 priscorum
778 2212 937 2276 exenrplario·

62 2290 118 2323 rum
135 2274 256 2339 vestigiis,
282 2278 307 2324 bt
322 2271 419 2324 fortaffe
440 2272 554 2325 sententia
575 2292 626 2324 non
649 2278 735 2342 inepta
768 2273 938 2324 Existimamut

61 2338 130 2387 enim
139 2350 165 2385 ut
175 2337 250 2386 ferme
260 2337 379 2402 colligitur
388 2353 418 2388 err
432 2338 507 2388 verbis
518 2334 702 2402 cicluccejum
712 2338 743 2386 de
755 2339 829 2402 gratia
839 2338 865 2390 iu
876 2344 938 2402 quo·

63 2398 124 2449 dam
129 2401 253 2510 procreatio
263 2398 354 2449 suarum
365 2401 514 2451 historiarum
526 2398 648 2467 seripfiffe,
663 2415 689 2450 ut
698 2399 721 2451 se
732 2400 818 2450 dicerer
828 2396 901 2450 libere
911 2402 939 2451 δι

63 2477 121 2511 vere
146 2462 252 2511 istoriam
260 2466 443 2528 explicaturum:
458 2480 503 2515 nec
517 2480 623 2529 unquam
639 2461 739 2531 potuill'e
751 2477 847 2515 tantum
863 2463 937 2512 alicu·

65 2526 104 2588 lus
115 2522 173 2575 inse
184 2527 285 2592 gratiam
296 2561 303 2583 ,
320 2540 345 2576 ut
355 2543 369 2575 a
380 2528 477 2576 veritate
488 2530 514 2577 br
524 2527 572 2577 fide
584 2536 661 2576 rerum
670 2526 787 2593 gestarum
802 2523 939 2575 discederet.

64 2590 180 2649 Quamvis
191 2590 255 2637 enim
274 2585 331 2654 sape
345 2591 421 2655 gratia
436 2590 532 2640 hortata
550 2586 620 2647 effer,
635 2603 660 2640 ut
677 2592 807 2639 amicorum
820 2588 939 2638 rationem

63 2650 162 2701 baberet
178 2653 204 2700 in
223 2650 289 2699 rebus
305 2668 333 2699 ex
351 2652 472 2709 onendis.
494 2653 525 2701 ad
543 2652 613 2718 seque
634 2649 758 2709 vocalia,
775 2650 836 2700 seut
852 2648 939 2698 dixerit

64 2715 204 2786 nonmagis
248 2709 314 2762 tuille
343 2713 514 2764 etti&deria
528 2717 591 2765 tetta
606 2713 690 2764 deduci
706 2728 780 2789 quam
796 2711 939 2784 Herculera

65 2778 210 2843 voluptatis'
233 2775 319 2825 ecebris
330 2775 373 2825 srbi
382 2776 478 2826 ostenlls
488 2781 513 2828 br
526 2776 650 2843 propofitis
661 2776 726 2826 flecta
736 2778 762 2826 δὲ
774 2775 843 2839 arripi
854 2786 939 2838 potue-¹

64 2840 105 2890 rit.
139 2841 161 2888 si
172 2838 378 2888 unnostralettio
389 2840 467 2887 minut
476 2840 591 2905 placebit,
607 2839 655 2905 ipse
669 2840 793 2888 meliorem
811 2852 871 2887 ereo
889 2838 939 2888 'retr

64 2892 123 2952 ideo
133 2903 233 2967 amiquae
245 2902 352 2950 lectionis
363 2901 473 2951 omnibus
484 2906 578 2969 copiam
588 2901 700 2959 fecimus,
718 2915 743 2950 ut
755 2902 831 2967 quivis
841 2902 866 2963 ju
883 2900 942 2957 'cett

67 2978 102 3013 arn
111 2980 156 3013 nos
167 2965 300 3027 conicitura
311 2963 439 3021 fefellerit,
455 2967 481 3014 δι
491 2963 509 3014 fi
525 2971 609 3031 queat,
624 2963 672 3031 ipse
690 2966 816 3014 meliorem
825 2961 881 3012 lade
898 2962 942 3010 eli:

67 3028 125 3079 ciat.
144 3031 220 3078 Viator.
254 3027 346 3090 affici]
360 3026 535 3077 commoveri:
552 3026 624 3077 afficit
635 3041 717 3077 autem
727 3030 815 3093 gratia,
831 3041 885 3075 cum
896 3039 943 3073 nor

68 3088 102 3165 ad
120 3092 192 3165 eam,
209 3104 282 3155 quam
297 3093 358 3139 ratio
369 3098 420 3139 non
435 3088 537 3155 probat,
557 3090 707 3148 voluntatem
722 3091 833 3156 perducit.
856 3096 943 3152 quam*

68 3148 764 3279 abbatili?llr?.l‘1lt.lll?²‘t¹rl⁰rl‘l¹¹r
779 3147 943 3268 illiti}

68 3280 136 3326 valde
152 3283 222 3341 priore
233 3281 312 3342 pagina
323 3280 479 3341 perturbatus,
504 3281 603 3343 paullum
623 3281 692 3326 altera
707 3286 817 3326 recreatur.
850 3276 945 3339 Legum(
995 3320 1001 3329 ,

70 3340 125 3398 alii,
142 3343 225 3399 Eleliir
242 3340 300 3398 alii,
318 3344 403 3389 Attici.
437 3345 508 3390 suum
524 3342 612 3405 quique
628 3336 749 3390 arbitrium
762 3339 910 3401 relinquo.²·e
941 3344 944 3349 “

71 3416 123 3451 non
138 3403 223 3460 video,
239 3418 278 3452 cur
299 3402 477 3466 quatuordecim
492 3418 598 3452 veteram
611 3401 726 3452 librorum
741 3432 749 3458 ‚
765 3402 792 3451 in
808 3395 891 3475 quibua

72 3469 165 3523 aruer,
172 3463 311 3515 consensum
316 3464 431 3541 aspernari
441 3466 553 3517 debeam:
570 3480 624 3513 curn
634 3463 758 3530 praesertim
767 3478 810 3513 nec
819 3480 844 3513 tn
854 3460 948 3513 se'nte'n-¹

72 3531 105 3577 tia
117 3564 125 3587 ,
142 3538 188 3577 neo
197 3530 223 3577 in
234 3528 243 3576 l
278 3527 350 3578 uendi
359 3541 445 3593 genere
454 3530 506 3579 vitii
516 3527 649 3594 quidquam
660 3523 707 3577 effe
719 3527 832 3578 videatur
849 3522 876 3576 Pr
893 3527 949 3572 Ma³

71 3607 118 3643 nnn
138 3592 224 3644 venen
231 3593 262 3651 fl«
282 3594 299 3642 i.-
316 3604 391 3643 unum
401 3606 445 3657 pro
456 3594 533 3643 altaro
543 3588 688 3659 bppolirum
699 3593 802 3658 appareo
820 3592 927 3639 camerari

462 3658 518 3721 ἔζη
611 3698 616 3723 ,
691 3719 706 3747 0
847 3634 977 3707 ⁶1:1³⁹.
