2272 4020
211 142 279 233 136·
317 146 454 212 Enisa.
475 142 723 207 ain-Arsinia
744 138 999 209 Poncnnun

212 270 267 307 oeta
280 294 289 321 ‚
308 252 375 338 quid
387 252 420 310 sit
431 253 557 311 nobilitas
569 250 713 325 intelligas)
732 250 932 311 Athenodorus
950 297 958 322 ,
980 263 992 307 5
996 266 1007 309 ³
1018 253 1092 314 San-²

63 325 174 377 sdixerit
215 328 294 387 donis
308 330 393 398 hlius,
434 329 480 387 uid
493 328 528 386 de
541 328 582 385 his
596 327 675 385 rebus
688 326 802 394 salicas,
822 329 976 387 attenderis.
1012 331 1084 403 Sed,

47 391 118 442 ,MS
140 395 204 440 W·
214 415 245 462 ut
258 404 293 463 ad
306 423 366 462 rent
387 348 520 471 redeant,
540 421 588 461 me
607 404 655 461 tibi
676 421 735 461 non
755 405 878 462 amicum
900 405 989 464 inodo
1006 451 1015 478 ,
1034 426 1087 466 vc-

214 479 375 539 rumesiam
396 480 588 539 amicissimum
609 479 744 538 existimes
763 481 857 538 veliin.
876 482 1005 556 profesto
1019 502 1085 543 ont-

171 556 191 589 '
215 558 293 615 nibus
309 558 376 615 meis
391 557 486 615 officiis
499 557 634 626 efficiam,
653 568 684 613 ut
703 558 741 614 ita
763 553 816 614 esse
836 557 902 616 vere
917 559 998 633 pollis
1008 560 1086 636 judi·

214 651 285 691 care.
324 634 373 692 Tu
386 646 481 692 autem
494 632 514 693 si
527 633 557 692 id
568 634 641 708 agis,
661 645 691 690 ut
705 630 795 691 minus
808 651 871 691 mea
894 634 971 693 causa
985 678 994 706 ‚
1014 636 1085 697 dum

216 727 233 766 e
252 710 387 779 oabsim,
408 710 507 769 debere
520 707 652 779 videaris,
671 707 757 785 quim
780 727 833 785 ego
852 724 900 768 tua
919 711 1095 773 laborarinra'

214 784 234 844 li
269 799 342 845 rote
357 786 403 845 ista
417 804 488 845 cura.
518 778 573 853 παρ’
589 783 648 852 ἐμοί
661 805 696 854 γε
710 790 756 841 καὶ
769 785 875 853 ἄλλοι,
897 789 932 843 Oa‘
944 791 979 844 κέ
991 808 1026 855 με
1042 812 1086 847 aa·

215 864 339 933 μῆσουσι,
360 866 471 932 adhaesa
486 862 517 917 Bi
530 862 649 931 μητίετα
670 865 743 927 Ζεύς.
782 862 916 921 Siautem
937 865 1034 923 naturi
1055 885 1085 927 es

214 938 366 1009 Φιλαῖτιος,
384 939 450 998 illud
464 957 523 998 non
543 936 683 1013 perficies,
701 956 759 1014 quo
779 938 869 997 atinias
882 951 928 998 tua
943 940 1020 999 causa
1035 962 1085 1002 ve-

36 1072 40 1077 .
214 1015 273 1074 lim.
291 1018 348 1075 hoc
360 1013 498 1092 assequere
514 1057 523 1083 ,
542 1026 590 1083 ut,
610 1032 694 1090 quarn
715 1016 744 1073 in
763 1027 868 1089 partem
888 1028 920 1074 tu
940 1019 1083 1094 accipias,

66 1100 192 1151 insonae
214 1092 322 1151 tirrinlis
343 1093 475 1151 laborem.
513 1092 587 1149 Haec
608 1090 692 1149 ad'te
710 1090 799 1167 scripsi
824 1091 930 1151 liberius
952 1137 961 1163 ,
999 1096 1085 1165 fretus

66 1167 160 1278 “⁸133
215 1169 380 1230 conscientia
407 1170 491 1229 officii
525 1168 606 1238 mei,
636 1167 912 1244 benivolentiaeque:
946 1188 1031 1247 quam
1066 1174 1086 1232 a

117 1261 128 1281 ⁹
161 1263 169 1279 ·
1033 1267 1085 1310 me

214 1401 249 1453 set
264 1404 290 1453 δι
302 1403 401 1468 gessisset
416 1403 507 1454 simma
521 1402 619 1469 imperia
634 1437 641 1461 ‚
662 1401 720 1450 nihil
735 1415 812 1465 neque
827 1402 856 1451 ad
871 1402 990 1453 honorem
1004 1418 1035 1452 ne

217 1465 248 1514 ad
264 1467 366 1530 gloriam
388 1463 462 1515 deesse
483 1468 578 1532 putabat
599 1480 624 1514 ut
641 1463 788 1513 nobilissimis
808 1465 943 1516 horninibus
962 1482 1004 1531 par
1026 1465 1085 1517 e'et

214 1527 344 1594 dignitate:
361 1530 391 1579 dc
402 1545 448 1594 qua
458 1546 483 1578 re
493 1531 510 1578 fi
521 1531 562 1579 ille
575 1530 642 1578 aliter
652 1527 768 1576 existimet
780 1563 787 1583 ,
804 1529 866 1576 resle
880 1529 997 1577 fastorum
1011 1530 1084 1581 illinn

215 1590 286 1647 dicit,
302 1591 320 1639 si
334 1594 414 1658 paullo
430 1593 564 1657 diligentius
575 1590 775 1647 animadverterit,
790 1591 847 1656 quid
858 1595 1011 1639 Arsianadoras
1020 1596 1085 1645 Stoi-

215 1666 256 1702 cus
266 1655 296 1703 de
306 1655 342 1704 his
353 1656 419 1705 rebus
431 1656 523 1717 judicet.
547 1655 623 1704 Potest
635 1656 700 1702 enim
712 1655 794 1718 aliquis
805 1657 909 1715 salpitano
924 1655 1021 1713 habere,
1038 1670 1084 1707 nec

215 1727 299 1766 tarnen
310 1719 396 1769 nobilis
411 1718 472 1777 esse,
489 1734 543 1767 cum
554 1720 610 1792 pleri
630 1733 657 1764 ue
668 1732 697 1765 ex
711 1715 780 1764 bonis
797 1719 823 1765 δι
839 1717 962 1766 illustribus
978 1720 1084 1783 patenti·

215 1778 259 1828 bus
270 1784 336 1839 nati,
353 1782 483 1832 inertissimi
494 1781 525 1829 fla
544 1778 602 1829 'noli
623 1781 713 1843 nnique
728 1781 885 1843 reperiantur,
903 1796 962 1844 quos
972 1782 1028 1833 vese
1040 1798 1085 1832 ne·

215 1856 259 1891 mo
270 1847 346 1891 nobiles
356 1846 472 1910 appellare
483 1859 514 1907 po
534 1857 564 1892 et.
597 1845 644 1903 Qui
655 1843 720 1889 enim
733 1843 795 1889 recle
813 1843 965 1907 intelligunt,
982 1848 1008 1894 ὃς
1030 1862 1083 1896 non

215 1906 282 1970 vulgi
298 1908 447 1972 opinionibus
461 1906 587 1963 ducuntur,
603 1908 714 1954 virtutem
728 1901 775 1953 ess'e
790 1920 841 1967 quae
854 1921 935 1954 veram
949 1908 1084 1956 nobilitatem

214 1966 300 2024 faciat,
318 1974 342 2018 8(
354 1987 403 2019 non
414 1971 490 2018 elatos
500 1969 604 2025 natales,
620 1980 716 2032 putant:
733 1966 861 2016 multitudo
871 1982 950 2017 autern
959 1970 1084 2034 decipitur,

213 2046 265 2095 quae
276 2033 353 2080 credat
366 2048 449 2081 ornries
459 2048 489 2080 ex
499 2031 627 2079 clarissimis
639 2031 733 2078 familiis
749 2044 815 2078 ortos
832 2029 914 2080 debere
930 2034 1007 2079 nobiles
1017 2034 1083 2091 dici,

212 2109 268 2142 curn
278 2098 354 2159 potius
367 2093 460 2156 ispania
468 2094 602 2158 appellandi
613 2092 673 2147 sint,
692 2093 768 2138 nobiles
779 2107 858 2141 autem
868 2092 945 2143 solum
963 2096 1019 2143 illos
1035 2093 1083 2145 esse

212 2158 395 2206 existimandum
407 2156 454 2211 est,
470 2159 511 2218 qui
526 2157 624 2220 egregiis
639 2154 682 2202 suis
698 2153 766 2203 fastis
781 2157 922 2221 dignitatem
932 2159 1084 2225 gloriamque

214 2218 258 2268 sibi
272 2216 422 2282 paravissent,
438 2220 528 2266 etiamsi
544 2234 626 2267 eorum
637 2219 738 2277 majores
749 2219 826 2282 ignoti
837 2216 938 2269 fiiisl'ent.
965 2224 1082 2272 Meminit

215 2294 296 2330 antem
309 2285 447 2328 olitanodon'
458 2283 576 2338 Sandonis,
592 2278 725 2329 Plutarchus
742 2279 767 2328 in
781 2283 830 2330 vita
841 2280 963 2331 Publicola
977 2283 1014 2332 his
1030 2300 1083 2333 ver-

215 2344 271 2394 bis:
290 2347 363 2393 Tiasa
375 2349 398 2394 da
412 2345 479 2404 airdpa
493 2342 576 2393 Masatos·
592 2345 673 2400 ὁμοιῖτι
690 2346 779 2391 aaroni
794 2345 905 2395 Σκιιόλαν
921 2346 1080 2405 A'hnosooao

214 2408 227 2455 i
244 2407 331 2456 ididan
342 2409 363 2455 io
378 2412 413 2470 τῴ
428 2410 478 2467 πρὸς
494 2407 622 2461 O'aeassiao
636 2408 674 2455 aiu
687 2408 810 2464 Kainai&
824 2408 971 2463 sosinosiros>
984 2410 1083 2471 0'4170·

215 2487 249 2521 aaa
265 2469 404 2529 ὠγομέσθαι
416 2474 480 2525 anal,
518 2484 573 2517 uem
583 2482 640 2534 puto
651 2469 752 2517 eundem
761 2466 807 2517 esse
818 2485 873 2518 cuna
882 2469 928 2517 hoc
938 2470 968 2518 de
978 2486 1028 2535 quo
1042 2472 1082 2522 hie

214 2536 307 2583 Cicero.
341 2538 451 2582 Praeterea
460 2537 510 2582 Stra
550 2531 590 2581 lib.
601 2548 655 2581 xiv.
672 2534 713 2597 qui
724 2535 873 2579 ,Arsianodarn
888 2531 946 2580 duos
958 2534 1083 2584 Tarsenses

213 2593 281 2646 fuisse
291 2596 361 2645 tradit
374 2598 399 2644 in
411 2596 543 2644 Stoicorinn
552 2593 672 2660 disciplina
688 2595 780 2652 claros,
797 2610 898 2660 quotum
912 2611 970 2644 iuius
986 2596 1081 2663 Cordy-

194 2684 197 2689 ·
212 2659 265 2709 lion
276 2659 405 2724 appellatus
416 2658 444 2707 stt
450 2692 458 2715 ,
475 2659 516 2723 qui
525 2674 578 2707 cum
589 2664 626 2707 M.
640 2663 734 2706 Catone
745 2659 803 2707 vixit
814 2659 928 2723 domique
939 2661 989 2715 eius
1006 2660 1081 2717 obiit,

212 2724 273 2770 alter
283 2737 338 2770 vero
350 2722 474 2777 Sandonis,
490 2737 562 2786 quem
574 2723 647 2769 etiarn
664 2722 807 2770 Cananitam
821 2735 933 2770 vocatum
948 2720 994 2770 else
1010 2723 1085 2773 docet

213 2799 303 2848 apago
318 2783 430 2847 quodam.
463 2790 532 2833 Hunc
552 2798 631 2833 autem
649 2783 765 2832 Caesarem
789 2784 919 2850 Augustum
939 2784 1083 2843 erudivisse,

213 2845 360 2910 magnosque
369 2846 472 2895 honores
485 2862 499 2895 a
515 2847 546 2894 ud
561 2862 616 2895 eum
632 2844 782 2894 consecutum
799 2850 854 2896 esse.
877 2848 934 2895 vixit
953 2862 1034 2898 autem
1050 2848 1082 2898 ad

212 2922 345 2958 extremam
359 2908 430 3018 usrpie
445 2863 593 2958 senedutem.
627 2910 694 2957 Plura
710 2924 789 2959 autern
804 2911 835 2959 de
851 2910 898 2958 hoc
914 2924 1011 2969 narrat,
1029 2928 1081 2978 quar

211 2987 267 3022 turn
279 2972 308 3020 ad
320 2971 382 3019 hunc
404 2987 475 3019 ocum
485 2972 543 3020 nihil
555 2972 657 3027 faciant,
669 2974 813 3024 omittemus.
848 2977 925 3020 Vissoa.

244 3053 280 3092 53·
298 3038 404 3082 Sandonis
414 3036 497 3095 filino]
528 3037 599 3082 Patris
609 3049 699 3083 nomen
714 3035 832 3095 adjunxit,
849 3051 874 3085 ut
885 3051 940 3083 eum
952 3035 1082 3103 distingue-

210 3112 245 3147 ret
257 3098 286 3146 ab
297 3100 372 3146 altero
386 3097 555 3152 Athenodoro,
571 3099 619 3159 ejus
630 3100 720 3162 aquali.
737 3112 809 3155 nam,
825 3111 851 3146 ut
860 3101 892 3147 ait
904 3099 1033 3150 Strabollb.
1043 3116 1078 3151 iv.

212 3161 363 3210 Athenodori
374 3159 422 3208 duo
434 3161 511 3209 fuere:
529 3175 631 3224 quorum
640 3162 698 3209 alter
711 3196 718 3217 ,
734 3164 775 3225 qui
786 3161 896 3210 Cotdilio
914 3175 1012 3210 vocatus
1028 3163 1081 3220 est,

209 3236 266 3271 cum
278 3229 315 3273 M.
326 3230 420 3272 Catone
431 3226 503 3281 vixit,
520 3226 545 3272 ὅ(
558 3223 619 3287 apud
630 3240 684 3271 eum
700 3223 758 3272 obiit
770 3243 777 3280 5
795 3226 854 3272 alter
868 3240 944 3281 vero,
960 3224 1080 3275 Sandonis

209 3285 291 3342 filius,
307 3302 379 3351 quem
396 3290 421 3335 ὅ(
439 3290 583 3335 Cartanitanr
598 3302 611 3334 a
628 3286 734 3350 quodam
750 3289 803 3334 vico
819 3287 959 3351 appellant,
982 3288 1080 3337 casaris

209 3348 307 3410 Augusti
319 3362 446 3413 praceptor
455 3349 505 3399 fuit.
540 3355 578 3397 De
587 3349 634 3396 hoc
644 3348 693 3412 ipso
703 3349 861 3399 Athenodoro
879 3350 957 3399 suidas
973 3353 1080 3401 mentio·

209 3425 266 3459 netn
286 3410 360 3458 facit:
389 3418 413 3461 Se
429 3412 494 3462 idern
510 3412 645 3461 Sandonem
660 3410 828 3477 Philosophum
843 3415 973 3471 nomiuat,
990 3414 1079 3476 hujiis,

207 3476 308 3541 opinor,
322 3475 472 3527 Atltenodori
483 3489 582 3542 patrem.
598 3477 718 3527 stasanor.
965 3534 967 3538 ,

968 3557 1006 3601 ss
1023 3543 1080 3590 aa·
