2272 4020
215 162 273 227 162
320 159 461 245 Enisa..
478 171 535 220 nn
557 153 724 221 Avarum
745 153 1000 223 Paternum

67 286 168 354 ylndu·
217 276 311 356 quod,
330 295 390 354 quo
403 274 502 336 melior
515 273 605 343 civit,
624 291 681 350 quo
694 273 737 331 vit
748 264 868 335 ’elatior
883 316 892 344 ,
931 292 970 334 uo
985 274 1087 336 sortior

69 351 207 425 ,sidoniis-
220 356 324 414 anticus
345 373 403 423 es,
429 368 544 429 quoque
563 349 639 427 plura
658 351 764 410 virtutis
784 352 814 409 dt
840 351 888 409 ind
929 353 978 411 riae
1006 368 1088 411 orna

68 413 180 489 arlauno:
221 444 316 491 menta
329 431 358 490 in
371 443 400 489 te
413 429 490 497 sunt,
510 446 546 485 eo
568 426 724 486 mirandum
745 425 783 485 est
804 426 1030 515 magis,·nullam
1047 442 1087 487 ne

70 478 154 528 ΘΜ·
221 510 250 569 tn
264 507 371 567 taterae
383 505 497 584 quidem
509 504 610 563 latebra
623 501 700 563 mne
719 502 905 562 abscondam
926 504 1091 565 musanen

222 587 290 645 dam
306 627 314 654 ,
333 602 398 661 quae
410 594 439 642 te
459 583 620 657 impugnare
639 580 760 639 auderet.
798 580 867 639 Non
887 582 990 639 horum
1016 592 1090 639 tem·

223 680 341 738 porum,
361 679 420 720 non
438 658 541 718 horum
568 658 716 716 hominum
736 668 819 733 atque
851 674 966 717 morum
1002 674 1090 733 nego-

223 738 311 796 tium!
332 737 400 796 nihil
408 736 469 812 jam
482 734 542 792 sum
556 736 664 810 pridem
677 732 822 792 admiratus
844 736 938 811 magis.
976 734 1024 792 De
1043 750 1091 793 me

225 826 318 872 autern
336 813 437 887 suscipe
464 811 605 887 paullisper
624 828 699 869 meas
720 818 832 885 partes,
852 812 883 869 &
902 828 968 869 eum
987 821 1018 869 te
1038 806 1091 869 elle

224 888 316 965 finge,
335 890 383 966 qui
395 888 454 946 sum
469 903 522 963 ego
538 907 545 945 r
565 886 586 946 fi
598 884 677 945 facile
690 886 827 945 inveneris
839 887 916 964 quod
929 887 1020 957 dicas,
1039 904 1091 945 no-

112 980 137 1027 1.
153 979 181 1026 Β.
225 965 246 1025 li
266 967 405 1040 ignoscere
424 964 589 1023 haesitationi
607 980 690 1022 meae.
728 962 790 1037 Ego
810 962 880 1021 verb
910 962 996 1021 velim
1024 962 1091 1021 mihi

230 1040 388 1118 Tulliaeque
402 1058 475 1098 meae
496 1038 575 1114 (ficut
594 1052 625 1098 tu
644 1037 803 1099 amicitiant
823 1040 853 1098 &
871 1037 1023 1099 suavissime
1043 1056 1061 1097 o

76 1130 94 1164 2
109 1113 206 1178 persepe
229 1117 308 1193 tas)²
334 1115 440 1192 rospere
455 1117 566 1185 evenire
586 1134 642 1186 ea,
662 1134 743 1194 quae,
763 1116 830 1175 ⁸me'
848 1115 1002 1185 insciente,
1022 1056 1092 1173 sag

79 1181 133 1226 MS.
155 1182 219 1232 ‘¹⁷7⁸‘-
231 1192 292 1252 sunt
313 1195 435 1253 ameis:
455 1190 537 1253 28sed
561 1193 599 1250 ita
625 1188 773 1261 cecidisse,
791 1204 823 1251 ut
849 1202 1030 1267 ²9agerentur
1057 1208 1092 1249 eo
1125 1232 1128 1251 2

80 1242 191 1353 21⁸3ss
229 1280 373 1347 ternpore,
394 1270 507 1346 ³0spero
529 1270 647 1329 omnmo
668 1282 771 1329 ³¹cum
790 1268 881 1345 aliqua
900 1268 1048 1339 felicitate,
1065 1268 1095 1327 dt
1135 1318 1136 1342 p

81 1368 133 1419 rra.
1019 1354 1094 1421 ⁰Pl0·

264 1539 301 1580 as.
317 1530 360 1577 Sed
369 1531 401 1577 iro
415 1528 525 1590 occiditis]
545 1528 696 1580 scribendum
712 1528 816 1579 censeo:
838 1530 865 1582 (γ’
881 1531 914 1576 iro
929 1529 1029 1590 cecidiffl.
1060 1527 1093 1578 Sic

232 1595 298 1641 enirn
308 1592 407 1641 coheres
418 1595 512 1642 oratio:
533 1592 640 1658 prospere
656 1608 684 1642 ea
698 1596 791 1643 evenire
807 1592 885 1649 volo,
901 1594 928 1641 dc
944 1589 975 1639 fic
990 1587 1094 1641 cecidiffe

233 1653 301 1719 spero
312 1658 337 1704 dc
352 1668 418 1720 opto.
435 1654 474 1706 ubi
490 1654 632 1706 adversativa
646 1658 758 1722 particula
774 1658 856 1706 locum
869 1670 920 1704 non
938 1652 1018 1707 habet.
1034 1654 1092 1716 Μ.

232 1722 362 1769 Gronovius.

262 1798 299 1835 29.
318 1788 441 1843 dacremus
453 1800 475 1829 oo
490 1787 598 1845 temporo]
616 1787 671 1845 Quo
687 1794 713 1830 tu
728 1794 784 1829 cum
799 1780 843 1830 illo
859 1778 953 1829 collisus
966 1794 1009 1838 es,
1024 1782 1059 1831 ito
1070 1789 1094 1827 tt

230 1845 325 1900 viceris,
342 1859 390 1908 quo
403 1844 494 1894 facilius
503 1845 555 1895 sore
565 1847 645 1910 spero,
660 1856 686 1893 ut
697 1859 738 1894 sne
749 1844 830 1894 medio
842 1845 868 1895 dc
878 1845 1009 1908 interprete
1019 1843 1095 1895 tetla-

232 1908 298 1956 tisin
309 1909 415 1972 gratiam.
433 1910 500 1958 Idem.
1036 1966 1039 1971 ,

265 1985 302 2024 30.
320 1973 382 2033 Spero
393 1974 476 2018 omnino
487 1972 636 2035 cumulique]
651 1974 699 2020 Ms.
716 1969 816 2019 membr.
834 1970 968 2019 omnimodis.
997 1970 1095 2035 Elegea·

197 2074 201 2083 ,
232 2043 275 2081 ter.
293 2038 360 2081 Lucr.
374 2049 394 2089 1,
407 2042 458 2088 683.
480 2038 538 2095 Ignis
552 2038 608 2081 enim
622 2032 686 2093 fovet
703 2035 846 2089 omnimodis,
861 2032 1000 2099 quodeunque
1016 2034 1095 2087 orsooret.

231 2092 283 2143 Lib.
292 2110 323 2143 11.
339 2111 393 2154 493.
409 2098 534 2142 omnimodis
545 2108 638 2159 expertos
650 2100 699 2145 eris.
722 2098 748 2144 δι
758 2112 812 2155 704.
829 2102 872 2143 Neo
886 2108 957 2142 tomen
975 2096 1098 2145 omnimodis

232 2160 324 2204 oonrrelsi
336 2157 518 2220 poffepoosondsom
536 2157 582 2217 esi,
598 2160 683 2207 Omnia.
719 2158 755 2207 Sic
771 2160 822 2209 cic.
836 2159 993 2211 11.·Fin.26.
1016 2164 1053 2209 hoe
1066 2155 1098 2217 etfi

232 2220 366 2267 multimodis
376 2222 495 2282 reprehendi
502 2220 572 2281 potest.
605 2219 681 2270 Idem.

268 2296 304 2335 31.
323 2287 373 2328 Cum
384 2284 460 2347 aliqua
471 2281 595 2341 filicione]
615 2288 651 2331 Ex
667 2279 682 2331 s
693 2295 726 2339 e,
741 2294 766 2332 te
781 2285 807 2332 dt
823 2282 980 2335 Dolabellam
999 2280 1118 2333 reeonci·

233 2342 315 2393 liand't
333 2346 416 2395 Corrod.
449 2346 509 2393 Non
518 2343 565 2392 hot
576 2343 653 2394 solum
687 2347 749 2395 icero
767 2344 842 2403 dicit,
858 2344 897 2395 sed
912 2346 984 2396 latius
1003 2346 1099 2397 feliu'tss·

233 2406 286 2453 iem
297 2405 345 2454 vult
357 2419 443 2470 patere.
477 2411 547 2471 Spero
557 2407 614 2457 felir
625 2407 729 2458 futurum
739 2408 786 2456 hoe
797 2410 934 2475 conjugium
944 2424 1002 2459 curn
1017 2413 1043 2459 in
1051 2408 1099 2457 aliis

235 2466 321 2525 rebus,
341 2482 393 2518 tum
411 2470 436 2518 in
452 2469 498 2518 hoc
512 2472 584 2519 etiarn
598 2483 623 2519 ut
644 2472 669 2519 in
703 2472 786 2520 retiam
801 2470 881 2521 redeas
895 2486 952 2525 cum
966 2470 1099 2522 Dolabella.

237 2529 345 2581 stewech.
358 2530 409 2581 eod
421 2531 492 2581 habet
497 2531 616 2590 facilitate.
633 2486 702 2598 quod
710 2533 798 2607 exponi
807 2533 883 2599 potest
893 2547 919 2584 ut
930 2534 1006 2584 facile
1020 2538 1046 2585 dt
1055 2532 1100 2584 ssa·

236 2595 296 2643 viter
306 2597 386 2642 vivant
398 2596 423 2642 in
433 2595 480 2643 hoc
490 2597 606 2660 conjugio.
624 2599 697 2644 Facile
709 2611 774 2645 enam
784 2602 859 2647 vivere
872 2596 1013 2647 dicebantur
1026 2599 1067 2665 qui
1075 2608 1101 2645 ex

236 2658 312 2705 animi
323 2656 435 2706 sententia
444 2656 495 2707 sine
506 2658 618 2707 molestiis
634 2674 688 2708 cum
703 2658 820 2709 sumtuum
834 2660 1040 2722 tolerandorum,
1053 2670 1101 2711 tuat

235 2719 335 2768 aliarum
342 2736 419 2769 return
427 2719 544 2771 vivebant.
562 2727 656 2772 Terent.
664 2721 765 2787 Adelph.
779 2720 836 2772 111(
840 2742 863 2783 4.

337 2785 413 2847 Qom
420 2800 459 2829 vos
464 2784 573 2842 facillime
582 2789 662 2847 agitis,
676 2802 742 2851 quam
753 2785 800 2843 estis
809 2789 903 2833 orsorimo

338 2850 443 2901 Potentes,
459 2848 553 2902 divisos,
566 2846 686 2906 fortunari,
703 2849 786 2897 nobiles.

237 2907 301 2958 non.
312 2905 373 2971 apud
384 2907 470 2955 AElium
480 2912 604 2956 Donatum
614 2911 640 2958 in
651 2911 700 2958 vita
709 2910 827 2958 Terentii:

338 2975 389 3018 Tres
415 2988 437 3017 er
447 2972 504 3017 idem
513 2983 592 3033 tempos
602 2974 641 3035 qui
649 2974 756 3034 agitabant
765 2974 842 3019 nobiles
848 2972 967 3033 facillime.

238 3034 332 3084 Cievr.
350 3032 379 3083 ad
443 3048 478 3088 .5.
494 3038 537 3092 llos
551 3036 577 3085 rr
587 3034 677 3093 fortuna
691 3048 730 3081 suo
746 3038 802 3082 onitu·
810 3039 905 3083 maximo
914 3052 969 3085 coro
981 3040 1051 3102 sm,
1060 3052 1099 3105 μ

236 3096 427 3161 quidemquotr'die
437 3095 548 3154 faciliores
559 3100 616 3143 mihi
630 3099 655 3149 dr
671 3099 766 3145 meliores
780 3100 889 3147 videntur.
915 3097 966 3148 hoc
981 3102 1018 3153 est
1033 3102 1099 3167 magis

237 3158 359 3224 magisque
369 3174 399 3207 ex
413 3155 527 3206 sententia
536 3158 670 3222 procedunt.
687 3161 755 3209 ldem
768 3176 793 3209 11
806 3159 837 3210 ad
849 3162 909 3211 sana
924 3178 961 3221 ις.
984 3168 1055 3233 Qos
1065 3178 1099 3213 oo·

237 3233 280 3267 som
290 3226 314 3267 ior
328 3225 446 3270 maritimis
455 3222 507 3281 sum
516 3221 643 3280 facillime,
665 3240 736 3270 moveo
751 3226 858 3273 nonoossis
868 3225 1034 3289 firspicioooon,
1053 3226 1098 3277 aad&

232 3298 272 3329 me
282 3289 389 3346 navigare.
406 3282 509 3340 horest,
525 3283 590 3349 quod
607 3283 639 3333 ibi
655 3283 805 3335 libentissime
821 3289 847 3336 δι
862 3289 972 3339 maxime
987 3306 1021 3343 ex
1037 3286 1097 3343 oniti

237 3342 354 3395 sententia
368 3349 454 3397 vivam.
487 3349 523 3395 Sic
544 3349 606 3396 reste
622 3347 684 3397 laune
700 3349 781 3397 locum
798 3351 899 3399 correxit
915 3352 1040 3407 viuoriuo
1050 3388 1058 3413 ,
1069 3348 1096 3401 eti

240 3407 306 3455 male
320 3422 433 3474 repugnat
454 3409 588 3461 Lambinus.
606 3412 743 3461 Linrorrrr.
757 3428 802 3487 ιι.Ι
813 3418 857 3482 Res
871 3412 946 3473 oestro
960 3412 1096 3475 ooolo'orosss·

231 3471 360 3555 'risiorosqrrs
370 3487 445 3532 mons,
459 3476 565 3538 magisque
579 3490 605 3524 oro
614 3475 737 3536 sorrorio,
752 3488 844 3539 opums
854 3490 885 3527 ex
895 3480 965 3531 MSS.
983 3478 1018 3535 sie
1029 3488 1099 3589 aa·
