2272 4020
223 179 284 242 150
329 158 467 225 Errsr.
489 169 546 220 nu
566 152 738 217 norrun
758 148 1004 215 Puscnnun

104 287 131 336 ι’,
150 287 176 336 B.
224 267 371 333 civitaten
399 265 554 340 gravitate,
591 264 761 339 imperatoris
782 261 967 339 suscepnrrum
995 256 1089 319 officia

224 354 308 418 atque
321 354 416 417 partes.
455 342 561 399 Omnia
575 340 643 399 volo
656 339 672 399 i
688 357 734 399 me
748 341 779 399 dc
798 340 914 415 postules
941 341 971 397 δε
993 338 1088 413 exspe-

225 418 296 478 ties:
318 418 427 477 vincam
440 418 510 476 meis
523 416 619 476 officiis
638 417 819 492 cogitationes
838 428 905 474 tuas.
944 417 982 490 Q.
998 414 1088 472 Servi·

73 490 201 565 kautndle·
221 495 275 553 lius
295 495 438 571 perbreves
457 494 548 552 l‘mibi
568 493 585 553 i
604 504 633 553 te
652 493 752 554 litteras
778 491 912 561 reddidit,
932 509 997 569 quae
1018 490 1088 549 mihi

74 553 193 608 lammis
223 583 319 630 tamen
346 570 428 633 nimis
447 569 541 648 longae
566 569 631 629 visae
657 569 725 627 sunt.
763 568 895 644 Injuriam
915 568 992 626 enim
1020 567 1089 624 mihi

224 645 283 705 fieri
297 647 425 723 putabam
440 689 448 716 ,
469 647 532 707 cum
546 645 667 722 rogabar.
686 645 801 703 Nollem
814 641 950 704 accidisset
961 655 1090 718 tempus,

223 724 254 787 in
267 741 326 801 quo
338 724 487 799 perspicere
500 721 604 800 posses,
623 723 719 798 quanti
729 734 774 791 te,
794 723 890 798 quanti
902 721 1090 795 Pompejum,

225 818 311 877 quem
341 818 427 858 unum
448 817 483 860 ex
504 800 633 860 omnibus
659 799 733 857 facio
749 808 809 868 ,ut
829 797 935 866 debeo,
955 796 1089 877 plurimi,

225 879 320 952 quanti
341 876 456 934 Brutum
477 877 618 935 facerem:
640 893 810 952 quamquam
836 877 865 933 in
892 871 1090 935 consuetudine

225 952 387 1029 quotidiana
400 952 587 1029 perspexisses,
607 952 675 1013 ficut
688 952 830 1027 perspicies
845 971 853 1010 ι
871 950 934 1020 sed,
954 952 1089 1027 quoniam

66 1043 88 1104 Ι1
104 1038 146 1088 arft
227 1029 344 1098 accidit,
364 1027 492 1105 fiquidi
509 1049 555 1088 me
576 1024 784 1105 praetermiffum
802 1027 893 1098 ierit,
912 1023 1088 1086 commissum

77 1104 156 1155 fient,
182 1163 189 1175 ,
228 1106 356 1172 facinus,
377 1103 564 1167 &admissum
584 1105 703 1164 dedecus
723 1104 883 1163 confitebor.
922 1102 1099 1163 m95Pomti·.

78 1169 200 1271 nimpo-
228 1181 306 1250 nius,
326 1181 373 1256 qui
387 1179 403 1239 i
417 1192 445 1239 te
458 1183 584 1241 tradimus
597 1182 642 1240 -esl
661 1181 798 1256 praestanti
816 1198 849 1238 ac
868 1180 995 1256 singulari
1012 1178 1093 1248 fide,

79 1241 176 1342 ψ
228 1257 304 1331 cujus
317 1257 358 1315 tui
370 1256 497 1317 beneficii
515 1259 575 1317 sum
597 1276 650 1334 ego
675 1257 769 1327 testis,
786 1256 895 1393 praestat
913 1257 963 1315 tibi
983 1273 1093 1315 memo-

227 1332 319 1403 riam,
352 1334 648 1411 benivolentiamque,
667 1351 752 1410 quam
805 1333 894 1392 ebct:
942 1333 1001 1404 ui,
1028 1331 1092 1391 cum

229 1410 356 1467 maximis
369 1410 447 1468 rebus
461 1411 511 1468 suis
526 1411 635 1470 coadius
649 1410 665 1469 ‘a
680 1427 727 1467 me
747 1411 906 1471 invitissimo
923 1353 1092 1477 (decessissem

81 1513 100 1549 n
116 1510 174 1545 con·
229 1496 324 1543 tamen
338 1497 369 1543 ut
381 1485 450 1544 vidit
462 1484 587 1546 interesse
599 1500 664 1556 tua,
683 1486 960 1562 nconscendensjam
974 1504 1095 1555 navem,

81 1556 160 1611 scensa
174 1558 223 1618 jam
231 1554 339 1636 Epheso
354 1561 523 1621 Laodiceam
545 1564 662 1622 revertit.
701 1560 782 1621 Talia
809 1575 838 1623 te
864 1562 929 1622 cum
955 1562 1042 1621 studia
1055 1563 1094 1621 vi·

83 1623 222 1675 navemus.
233 1636 314 1696 deam
327 1637 483 1696 habiturum
498 1637 550 1698 effe
564 1640 786 1707 innumerabilia,
806 1638 886 1714 piane
901 1639 1024 1719 dubitare
1037 1657 1095 1699 non

83 1731 102 1768 ο
112 1711 359 1790 „alliun-possum,
378 1716 446 1790 quin
460 1716 507 1775 tibi
521 1716 697 1792 “amplitudo
713 1714 759 1772 ista
772 1715 925 1777 sollicitudo
946 1716 1038 1777 futura
1058 1714 1097 1775 ic

82 1779 200 1859 phtpdim.
232 1789 263 1846 9⁶
270 1790 298 1848 Si
311 1788 378 1848 verb
394 1790 476 1849 efficis
492 1836 500 1861 ,
519 1805 551 1852 ut
563 1791 687 1852 censores
700 1803 847 1862 creentur;
870 1794 923 1863 δι,
942 1790 964 1851 fi
983 1793 1022 1851 ita
1042 1788 1099 1869 ges-

85 1844 151 1895 Μ’·
233 1865 294 1926 seris
308 1866 466 1937 censuram,
485 1880 517 1928 ut
531 1872 561 1929 &
575 1869 672 1937 debes,
692 1869 723 1925 δι
735 1880 813 1943 potes
828 1888 835 1928 :
855 1888 915 1927 non
929 1869 979 1926 tibi
991 1867 1099 1937 solum,

232 1942 279 2003 sed
292 1943 344 2001 tuis
358 1945 485 2003 omnibus
505 1946 589 2004 video
609 1945 639 2002 in
658 1956 823 2019 perpetuum
841 1945 953 2004 summo
966 1955 995 2002 te
1009 1943 1099 2020 praefi·

233 2018 283 2077 dio
297 2020 429 2077 suurrum.
468 2021 539 2079 illud
560 2037 651 2097 pugna
677 2022 707 2077 dc
727 2022 855 2092 enitere,
874 2039 911 2081 ne
928 2019 1000 2155 puid
1021 2020 1099 2081 nobis

208 2111 211 2118 ·
234 2097 367 2170 temporis
380 2108 558 2171 prorogetur:
578 2108 625 2164 ut,
646 2093 710 2153 cum
731 2096 779 2154 hic
799 2098 850 2157 tibi
867 2098 926 2158 satis
939 2096 1100 2167 ecerimus,

235 2171 293 2229 istic
308 2188 421 2246 quoque
434 2173 554 2233 nostram
574 2174 603 2231 in
622 2184 651 2229 te
671 2172 887 2233 benivolentiam
900 2190 1002 2232 navare
1019 2172 1099 2251 poili-

234 2262 305 2304 mus.
344 2248 419 2320 Quae
445 2247 480 2306 de
511 2248 661 2307 hominum
692 2260 774 2325 atque
808 2249 937 2314 ordinum
971 2251 1102 2310 omnium

234 2337 299 2402 erga
311 2331 340 2381 te
352 2321 443 2386 studiis
456 2323 543 2385 scribis
557 2324 592 2388 ad
605 2342 670 2394 rue,
689 2323 807 2387 minime
820 2327 897 2390 mibi
919 2327 1047 2389 miranda
1072 2328 1102 2415 ὃς

1017 2422 1106 2467 maxi·

235 2558 279 2613 lib.
287 2574 318 2615 11.
335 2575 371 2627 ep.
380 2578 416 2617 ιο.
433 2564 527 2629 quadam
536 2563 661 2614 amenitate
670 2567 727 2629 apud
736 2583 782 2625 eor,
801 2569 827 2615 ru*
836 2583 869 2614 me
877 2583 917 2614 non
927 2578 1005 2614 norant
1015 2570 1107 2616 nominis

238 2624 312 2682 nostri.
328 2628 428 2674 Multum
437 2627 465 2687 est
474 2645 496 2679 n.
508 2631 532 2675 iu
545 2630 578 2675 his
587 2628 637 2673 locis
648 2646 656 2676 .·
673 2633 759 2677 Hr'ccr'ne
773 2581 869 2691 odilla,
883 2633 924 2695 qui
933 2630 1007 2679 urbem
1018 2639 1031 2679 ἒ
1047 2647 1108 2696 qm

234 2687 340 2750 scurrus?
355 2689 410 2749 nostr·
419 2704 489 2741 cetera.
512 2688 629 2741 Gebhard.

270 2762 308 2804 95.
326 2755 455 2811 Pontium]
486 2756 516 2819 Q.
534 2755 675 2811 Pontinus,
698 2755 818 2807 Ciceronis
843 2754 958 2819 legatus,
973 2757 1109 2820 praetorius.

240 2812 283 2874 qui
293 2810 323 2859 de
334 2812 500 2880 Allobrogibus
509 2814 703 2881 triumphaverat,
719 2820 798 2882 Appio
808 2815 859 2883 ipso
868 2815 964 2866 consule
974 2818 1106 2879 adjuvante.

242 2871 342 2949 epistola
351 2875 441 2929 decima
452 2875 515 2927 sexta
524 2876 585 2929 libro
596 2892 680 2947 quarto
692 2880 722 2931 ad
736 2883 843 2933 Atticum
854 2895 864 2930 r
878 2885 931 2929 Erit
946 2897 996 2929 cum
1011 2885 1109 2931 Prasiai·

245 2941 336 2998 «Appius
346 2940 421 2999 consul.
438 2943 461 2991 P.
471 2945 564 2993 Manut.
1096 2962 1099 2969 '

276 3006 314 3051 96.
332 3002 360 3048 Si
368 2999 416 3049 ceri
432 3001 513 3063 efficis,
529 3006 649 3066 accensores
661 3013 772 3066 trecarum]
787 3005 927 3056 Nondum
943 3004 977 3053 ud
986 3021 1030 3059 me
1039 3006 1110 3073 pmi-

242 3060 277 3113 cit
288 3062 412 3115 audoritas
421 3063 532 3114 Lambini
550 3080 575 3117 ut
591 3066 651 3119 bane
667 3067 801 3133 scripturam
811 3069 910 3120 Viuorii
926 3020 990 3133 ξηαπ
1000 3068 1037 3119 est
1047 3074 1073 3145 'pr
1086 3084 1107 3121 ο.

243 3124 302 3175 ran.
312 3129 379 3179 Gnrt.
389 3125 460 3175 tribus
471 3128 635 3179 Gulielmianis
646 3165 654 3191 ,
670 3131 801 3181 editionum
811 3130 899 3196 primi)
906 3134 980 3181 cumi
997 3130 1024 3183 so
1034 3135 1110 3195 terior·

245 3200 305 3237 rem.
318 3190 373 3254 quid
383 3188 454 3239 causae
464 3192 472 3239 i
488 3190 549 3240 certe
561 3194 660 3257 vulgata
672 3209 749 3259 neque
758 3195 839 3245 volam
848 3208 927 3260 neqve
936 3210 953 3245 v
989 3198 993 3206 '
1016 3198 1066 3247 'um
1076 3196 1111 3247 in·

99 3266 102 3275 ·
197 3282 203 3295 .
247 3251 324 3304 venio.
341 3249 629 3318 ficut&illudinvingrfimi
640 3259 664 3306 in
676 3255 727 3305 solo
749 3258 879 3311 uanol’all.
889 3254 979 3314 exstat,
995 3256 1111 3324 quodm-

248 3319 273 3361 ιε
291 3314 341 3385 onst
352 3316 395 3369 lon
436 3314 535 3377 nostr03
551 3319 576 3367 in
592 3333 640 3383 quo
654 3319 720 3383 spero
732 3273 867 3373 domorum
880 3322 1006 3373 nemiuem
1016 3320 1109 3373 rivalem

248 3368 281 3425 ba
296 3386 393 3431 outuse
412 3393 425 3455 2·
452 3381 516 3431 Prior
526 3380 597 3430 sellio
607 3383 679 3452 vulgo
690 3380 901 3452 ficconseptacils
918 3382 1009 3437 Siveri
1028 3382 1109 3451 Μ

249 3439 442 3517 monstramus.
473 3441 592 3499 Gebhard.
