2206 3914
184 167 225 230 94
307 138 419 206 Errsr.
440 147 490 200 nn
512 134 551 207 G.
570 136 781 215 Curionrn,
802 151 846 199 rr
866 142 971 201 Arios

185 271 336 332 ceperam,
356 251 447 328 quam
463 247 627 327 prudentis?
654 247 739 326 quarn
762 247 841 306 multi
861 249 891 306 &
912 244 998 305 officii
1023 251 1031 304 l

185 330 316 391 consilii?
336 330 393 390 Etsi
406 330 502 388 omnia
521 328 557 387 sic
578 326 770 386 constitueram
792 323 861 382 mihi
881 323 1004 399 agenda,
1024 341 1033 380 t

184 422 215 467 tu
229 408 411 467 admonebas:
431 418 525 464 tamen
540 403 738 462 confirmantur
750 401 839 462 nostra
853 400 963 458 consilia
972 399 1034 469 ,eiu

36 499 51 537 t
75 479 175 551 pffldffl‘
186 486 339 553 sentimus,
359 497 371 526 ⁰
377 482 577 559 prudentibus,
597 480 766 558 fideliterque
786 476 958 535 suadentibus
977 476 1036 535 ider

35 562 72 599 ¹⁶¹
88 548 139 596 MS·
186 562 280 620 videri.
300 562 362 636 Ego
376 561 500 636 Appium
515 559 558 635 (ut
570 557 640 633 saepe
653 570 748 618 tecum
760 555 868 613 locutus
882 553 960 629 sum)
976 552 1038 611 vald

53 676 77 721 1,,
89 674 160 721 Ην,
187 638 294 712 diligo:
315 655 417 714 meque
437 637 471 694 ab
493 654 528 694 eo
549 634 623 710 diligi
642 635 731 694 statim
747 645 871 708 coeptum
886 627 958 699 effe,
977 627 1040 690 utsr

177 715 334 774 multarem
354 711 590 789 8rdep0suimus,
616 711 690 770 senii.
730 710 806 769 Nam
828 709 858 766 δι
885 704 1041 766 honorilicu

185 793 215 850 in
230 809 276 848 mc
291 790 385 849 consul
399 791 466 858 fuir,
487 788 616 847 &suavis
630 790 752 856 amicus,
772 783 939 844 &studiosus
952 781 1041 842 studio

186 886 250 926 rum
272 868 356 924 etiam
376 883 514 924 meorum.
553 863 657 923 84Mea
677 862 745 922 verb
767 862 858 921 officia
879 861 906 918 ei
932 878 993 920 non
1008 858 1045 918 de<

186 940 265 1002 fuilie
284 957 315 1001 tu
336 961 363 1000 es
384 942 470 1000 testis:
491 942 626 1018 quoniam
644 941 757 1008 κωμικὸς
774 943 879 1007 μάρτυς
892 937 935 1012 (ut
943 936 1047 1015 opinor]

188 1019 291 1080 occidit
303 1019 428 1078 Phania:
449 1021 479 1077 δι
499 1017 657 1077 mehercule
674 1018 758 1076 etiam
779 1016 862 1091 plurir
889 1031 955 1073 eum
976 1012 1049 1086 sech

978 1086 1050 1167 quod

121 1298 123 1307 A
191 1306 193 1311 ,
221 1259 259 1308 8³.
281 1251 446 1317 Deposuimust]
482 1250 585 1301 Audiore'
605 1252 738 1317 Pompeio,
754 1246 817 1312 euius
836 1248 888 1299 filio
910 1250 983 1314 Appii
1007 1246 1053 1298 fitia

190 1328 224 1364 nu
240 1315 304 1365 serat.
321 1319 346 1365 id
356 1332 385 1364 err
395 1315 548 1378 Quinuffiani
557 1316 659 1365 ledione
670 1316 838 1379 cognovimus,
855 1313 896 1379 qui
911 1315 992 1362 recitat
1008 1313 1054 1362 haec

191 1332 263 1428 mpba
273 1382 394 1429 Ciceronis
403 1386 433 1427 ex
443 1377 504 1428 libro
514 1378 664 1441 epistolarum
674 1382 764 1427 incerto
780 1378 810 1426 ad
826 1381 863 1426 M.
874 1381 973 1424 Brutum
983 1392 990 1423 r
1014 1381 1055 1438 Ege

191 1459 238 1488 mm
254 1447 277 1490 in
288 1449 384 1505 gratiam
404 1443 504 1489 redierim
519 1459 567 1489 cum
584 1448 633 1506 Ap.
647 1443 754 1499 Claudio,
774 1441 915 1494 &redierim
928 1450 967 1502 per
983 1446 1057 1488 Cnertm

192 1510 319 1567 Pompeium.
354 1510 376 1555 P.
389 1509 482 1554 Manu.
1013 1548 1016 1555 .

226 1575 262 1627 84.
279 1572 332 1627 Mea
341 1572 390 1615 veri
407 1568 475 1628 officia
485 1569 506 1614 σι’
516 1585 555 1613 non
566 1564 671 1628 defuisti,
686 1581 711 1615 tu
721 1584 742 1613 es
750 1566 808 1626 testis
820 1580 828 1612 .·
844 1570 945 1630 quoniam
960 1566 1059 1633 ιιομικδς

193 1633 283 1691 μάρτυς
290 1632 330 1742 gra
341 1630 422 1694 opinor)
432 1631 510 1678 accidit
524 1633 626 1689 Phania]
657 1629 764 1680 Erasinus
774 1631 809 1678 vir
820 1627 965 1679 dodiiffimus
975 1624 1060 1679 nostris

194 1704 246 1742 tem
263 1690 296 1742 01⁴
313 1710 353 1751 us,
370 1696 396 1742 bc
417 1693 656 1757 nummarium,
677 1695 758 1742 locum
776 1694 849 1751 hunc⁴
857 1700 992 1757 corruptum
1009 1690 1059 1743 effe

195 1708 290 1812 cenlldh
307 1759 466 1822 corrigitque,
483 1751 565 1805 uinxit
580 1761 683 1814 μάρτυς,
696 1757 734 1805 vel
751 1753 840 1807 οἴκοθιν
857 1755 966 1814 (adrem,
987 1755 1011 1804 id
1026 1755 1058 1806 est

193 1821 400 1881 domesticusreslis,
419 1834 474 1867 cum
489 1811 573 1868 nullibi
587 1819 648 1885 apud
664 1823 758 1869 Grecos
775 1821 879 1869 austeres
895 1817 937 1881 (ut
951 1818 1059 1883 videtur)

195 1881 242 1931 hoc
253 1882 401 1947 proverbium
420 1879 517 1949 legiffet.
565 1886 619 1931 Nos
633 1885 659 1933 in
675 1884 724 1932 anti
742 1883 776 1935 uis
786 1881 956 1947 exemplaribus
968 1886 1060 1932 Graecar

141 1958 147 1969 ’
196 1945 238 1993 bar
250 1961 319 1995 voces
335 1948 401 1996 nulia
410 1951 522 1996 varietate
531 1940 625 2010 scriptas
641 1898 865 2003 anirnadvertimur‚
888 1945 927 1994 sed
941 1946 1003 1996 reae
1019 1945 1060 1996 ad-

195 2007 297 2058 modum
309 2014 334 2060 &
344 2013 492 2085 integerrime
504 2045 511 2068 ,
527 2010 593 2073 quod
604 2025 656 2060 raro
672 2010 753 2060 accidit
769 2011 795 2058 in
811 2011 901 2059 Latinis
915 2007 1009 2058 vetustis
1020 2025 1060 2059 co·

194 2068 292 2122 dicibur.
315 2076 360 2122 Vix
370 2088 434 2122 emm
444 2086 553 2138 poterant
563 2074 604 2136 qui
613 2073 697 2138 lingua
706 2074 768 2122 illius
780 2072 846 2121 rudes
857 2070 943 2128 effert,
959 2084 985 2121 ut
996 2085 1061 2124 erant

195 2135 291 2185 illarum
301 2148 396 2183 aetatum
405 2135 493 2184 librarii
503 2168 510 2190 ,
526 2148 577 2183 tum
587 2134 839 2186 accuratecharatteras
849 2137 904 2183 illos
915 2135 1026 2201 effingere
1036 2150 1060 2186 ut

196 2212 249 2245 non
258 2197 347 2262 aliquid
356 2211 490 2262 peccarent:
502 2195 697 2261 Proverbiumque
706 2196 753 2246 hoc
763 2197 823 2263 apud
833 2198 927 2248 suidam
937 2215 961 2247 re
978 2202 1061 2249 urimur

196 2257 446 2317 indistionelpoaru.
464 2259 721 2308 cumenimlocumer
732 2216 1062 2325 hilioriaPolybiiadducetet‚

198 2321 248 2371 haec
257 2321 328 2372 verba
338 2320 406 2388 ipfiur
417 2324 485 2386 ponit
497 2339 504 2369 r
521 2324 559 2372 terti
573 2324 773 2384 προσκατέψινςαι
785 2325 807 2371 τ’
819 2327 890 2382 ardrie
906 2330 1001 2381 κωμικόν
1013 2344 1063 2374 errat

197 2384 676 2513 &dirrrffilrlrlllsstirlrl
684 2386 937 2513 Nddiffibliii?
943 2387 1063 2500 {iiiii

332 2497 334 2506 .
680 2481 688 2504 t
1053 2474 1064 2487 '¹

198 2513 276 2561 &ores
286 2512 332 2561 hoc
342 2509 489 2577 proverbium
498 2510 647 2561 inveniatur:
664 2513 742 2576 potius
757 2512 881 2576 querenda
902 2512 934 2560 est
950 2513 1064 2562 sententia

200 2579 226 2625 dr
237 2577 272 2624 vis
282 2573 364 2641 ipfius:
381 2573 422 2624 etfi
432 2587 462 2624 ert
472 2574 547 2624 verbis
558 2573 662 2639 Polybi,
679 2589 730 2640 quae
746 2589 761 2624 a
777 2575 846 2624 Suida
862 2578 992 2639 accepimus
1010 2576 1065 2641 (nec

199 2640 265 2688 enirn
274 2638 392 2704 integram
400 2638 521 2688 historiam
530 2636 694 2703 preclarillimi
709 2636 772 2688 illius
783 2639 832 2687 Viri
842 2638 980 2702 habemus),
998 2641 1063 2689 vide⁴

198 2713 237 2750 rur
250 2701 280 2749 de
294 2701 330 2750 his
344 2701 443 2766 proferri
456 2700 551 2751 solitum
565 2705 608 2766 qui
622 2701 720 2766 aliquod
736 2701 885 2752 mendacium
904 2698 961 2749 ficto
983 2704 1065 2768 aliquo

198 2761 257 2813 telle
267 2764 406 2814 confirmare
417 2765 535 2816 volebant.
569 2770 635 2815 Nam
644 2766 710 2830 quod
721 2766 762 2816 alii
777 2769 879 2812 comicum
892 2765 962 2824 restem
977 2781 1066 2830 oppor-

198 2835 285 2875 turtum
293 2827 429 2893 intelligunt
444 2833 469 2878 δι
484 2832 510 2879 in
524 2843 633 2894 tempore
646 2828 824 2883 advenientem,
841 2829 881 2876 alii
903 2843 981 2875 autem
998 2831 1066 2880 aliter

199 2901 336 2955 exponunt,
352 2905 406 2941 cum
420 2894 488 2941 nullo
498 2892 546 2941 haec
558 2894 652 2941 rudore
663 2892 756 2948 dicant,
772 2892 851 2940 mirari
860 2906 911 2938 non
921 2889 1006 2938 debent
1019 2926 1025 2946 ,
1046 2893 1064 2941 ii

200 2967 288 3018 paucos
298 2952 428 3006 admodum
437 2953 480 3003 suae
494 2953 611 3005 sententie
626 2959 725 3004 comites
740 2952 835 3004 babent.
854 2957 930 3002 Vilior.
965 2951 1067 3016 suspica-

201 3030 240 3069 tus
255 3017 382 3082 aliquando
398 3015 447 3067 sum
463 3017 590 3082 legendum
605 3022 682 3067 occidit
696 3021 793 3072 Phania,
809 3014 864 3079 qui,
879 3029 904 3064 ut
915 3028 1000 3064 notum
1014 3017 1067 3075 est,

201 3077 298 3131 libertus
309 3078 386 3130 fuisset
403 3080 480 3146 Appii.
513 3085 598 3146 Neque
612 3097 664 3131 non
679 3080 797 3131 blanditur
812 3093 874 3126 nunc
889 3093 984 3142 quoque
999 3079 1067 3128 nobis

202 3143 246 3200 iila
254 3145 345 3208 opinio.
367 3144 411 3193 Sed
421 3142 516 3200 ωμικός
526 3145 688 3212 μαρτὺιῳιίεὲ
704 3149 742 3193 De
752 3144 798 3191 hoc
810 3142 920 3189 nonnihil
936 3145 1066 3200 vidiorizts,

200 3203 242 3258 sed
253 3206 319 3271 quod
329 3221 410 3257 tamen
419 3204 518 3256 titubare
528 3206 624 3258 videtur.
643 3216 678 3258 Ac
687 3206 738 3256 fieri
748 3204 837 3271 potest,
848 3219 873 3252 ut
886 3208 972 3254 Cicero
986 3209 1010 3253 in
1022 3222 1067 3254 no·

202 3271 269 3318 mine
279 3272 381 3333 Appiani
390 3270 466 3320 liberti
477 3271 561 3320 luserit.
588 3276 654 3321 Nam
666 3270 770 3326 Phanirr,
787 3282 812 3316 ut
822 3267 907 3325 sorix,
923 3272 1068 3318 comicamm

202 3330 353 3396 personarum
362 3333 446 3384 usstata
455 3334 518 3382 litere
528 3336 634 3384 nomina
668 3339 702 3381 Ac
713 3331 789 3397 potest
800 3331 863 3386 lieri,
879 3345 904 3379 ut
916 3332 952 3380 vei
970 3332 998 3379 de
1032 3334 1068 3380 lo-

204 3391 266 3444 rioso
275 3393 333 3442 teste
343 3396 467 3460 proverbio
476 3395 527 3446 usur
542 3397 630 3453 fuerit,
650 3395 688 3443 vel
703 3393 745 3460 qui
760 3395 790 3445 ad
805 3392 980 3443 testificationes
996 3348 1068 3466 edent

119 3458 126 3474 “
204 3460 321 3524 prompti,
338 3461 409 3511 utilli
418 3463 444 3515 in
453 3460 554 3514 renuo
564 3479 575 3519 ι
589 3472 615 3515 ut
625 3455 655 3513 de
664 3457 746 3513 furno
759 3453 817 3513 telle
831 3454 981 3524 proverbium
997 3461 1070 3572 ιεεὲρι

657 3553 661 3564 ·
1008 3532 1033 3574 te
1057 3536 1071 3573 θ

420 3726 426 3743 r

395 3756 405 3783 d
