2272 4020
134 169 325 251 utari
367 180 616 254 Paruusi
776 199 817 270 59

42 300 86 376 ἒ,
106 304 259 383 referoque
277 304 313 365 ad
332 305 528 366 mansuetiores
548 306 662 378 Musas,
682 320 746 383 quae
766 322 814 365 me
879 362 892 371 ,,

42 380 84 450 ὲ,
104 380 177 440 ficut
197 383 254 445 'am
272 381 288 441 d
307 384 395 461 prima
416 384 496 443 adole
508 386 597 444 centia
610 382 812 459 ndelcdlarunt)
823 392 840 424 n
856 374 901 423 ‘⁸¹5¹‘
910 372 961 427 ‘¹⁶’-

42 458 122 535 ,gitur
135 400 302 519 Addoteleo
316 478 396 520 more
411 506 420 533 ‚
439 460 680 539 quemadmodum
699 461 814 537 quidem
824 439 923 498 mam*

61 548 117 594 tres
131 535 216 595 libros
231 537 261 595 in
282 536 463 613 disputatione
483 557 514 596 ac
543 538 654 613 dialogo
681 536 716 595 de
744 538 816 596 Ora-

42 628 115 691 quos
129 612 244 673 arbitror
257 614 380 673 Lentulo
392 628 444 675 tuo
457 616 518 674 fore
530 634 590 676 non
610 612 724 673 inutiles.
758 614 816 673 Ab·

42 703 55 749 t
69 690 149 749 enim
163 686 179 749 ὲ
194 693 391 750 communibus
404 710 495 770 praece
515 695 566 762 tis,
585 709 617 750 ac
639 708 756 750 omnem
769 708 818 749 an-

42 784 112 836 am,
140 767 171 825 &
191 766 409 840 Aristotelem,
443 772 473 829 d<
496 711 661 829 sidentem]
682 768 819 827 rationem

42 847 94 903 [am
108 844 339 919 complectuntur.
380 846 475 923 Scripsi
495 848 579 905 etiam
601 844 717 903 versibus
732 842 822 903 ⁸¹tres
852 906 855 913 ,

42 920 149 979 detem
169 921 259 979 oribus
274 924 358 993 meis,
378 942 448 1000 quos
464 926 524 1001 Jam
545 921 652 999 pridem
672 921 707 979 ad
727 933 756 979 te
770 921 823 979 mi-

49 1040 60 1068 ,
75 996 99 1055 'si
114 938 168 1055 elss
183 996 305 1057 edendos
325 997 467 1075 putassem.
506 1000 574 1059 Sunt
588 1001 664 1057 enim
674 996 770 1066 testes,
791 999 821 1056 ὅ(

42 1116 47 1141 .
64 1074 223 1149 sempiterni
243 1077 407 1135 meritorum
428 1094 492 1154 erga
511 1094 559 1135 me
580 1088 694 1133 tuorum
712 1082 846 1142 ⁰meae-9
868 1081 973 1131 areaque

42 1150 134 1212 letati&
172 1148 201 1193 ⁸²
211 1150 265 1213 Sed
278 1154 343 1230 quia
356 1154 488 1227 uerebar,
507 1172 568 1215 non
580 1170 628 1214 eos
643 1195 652 1223 ,
672 1153 719 1229 qui
733 1152 759 1210 se
773 1152 821 1289 lpc-
830 1148 856 1181 ω
867 1144 891 1181 ‘⁶
900 1134 951 1184 ⁴²⁴³·

795 1248 826 1291 os

42 1369 110 1420 lione
122 1372 188 1418 ctiam
199 1369 271 1436 usque
284 1369 313 1422 ad
320 1372 407 1437 scripfi,
457 1370 476 1421 st
488 1386 562 1437 quam
573 1385 659 1421 vocem
672 1369 738 1436 quod
750 1369 825 1434 sequi-

42 1450 69 1479 rn
78 1434 104 1483 iu
114 1437 182 1497 igitur
194 1434 390 1485 commutandum
401 1388 456 1494 eis?
468 1433 546 1500 sicque
564 1436 624 1484 nihil
637 1433 772 1497 discrepabit
786 1434 825 1480 lo-

52 1499 149 1560 optimis
169 1497 287 1547 codicibus
304 1515 309 1544 :
339 1499 520 1567 elegantemque
537 1497 667 1547 admodum
684 1495 824 1547 sententiam

45 1557 112 1613 feret.
146 1561 231 1609 Similis
242 1562 295 1611 huic
306 1562 396 1613 locutio
408 1563 440 1623 est
451 1564 477 1613 iu
488 1562 574 1611 ultimo
588 1561 648 1611 libro
660 1561 689 1610 ad
701 1561 821 1608 Atticum:

43 1640 53 1667 o
68 1624 175 1687 stapa'errtcr
191 1624 256 1687 (nuni
269 1627 353 1674 demum
369 1632 426 1674 enim
440 1626 524 1688 rescribo
541 1626 675 1682 littteras,
696 1641 748 1688 quas
765 1624 822 1668 mibi

48 1700 146 1733 tenvem
163 1691 262 1734 ,Antonio
279 1690 379 1754 syrani)
390 1693 496 1753 fiapienrcr
512 1692 596 1752 igitur,
622 1690 679 1752 quod
694 1702 768 1732 manns
785 1686 823 1730 de-

47 1747 140 1799 Poffem
156 1749 224 1810 hujus
242 1749 356 1800 structura
373 1754 439 1816 plum
452 1751 562 1816 exempla
577 1750 685 1807 adferre,
701 1749 825 1813 praecipue-

42 1810 77 1859 nd
87 1812 255 1870 Aristotelem,
272 1830 323 1878 quae
335 1813 392 1879 sepe
402 1816 463 1865 adeo
474 1813 615 1864 conturbant
627 1813 719 1862 nostros
730 1808 823 1874 cxpofi·

42 1877 91 1943 'qui
102 1876 152 1925 hac
163 1892 207 1925 nec
218 1875 342 1949 diligenter
352 1892 447 1935 curant,
463 1893 506 1926 nec
517 1874 623 1941 possunt,
639 1873 729 1924 etiamst
741 1874 824 1928 veiint,

42 1951 71 1985 nt
83 1940 109 1987 in
121 1937 223 1988 barbaris
239 1941 286 1988 illrs
298 1940 527 2005 interpretationibus
544 1954 652 2003 corrupta
666 1942 691 1987 bc
709 1936 827 1991 consula,

42 2000 128 2051 endum
137 2001 181 2058 sat,
198 2014 249 2051 tum
261 2002 325 2052 bona
336 2006 431 2070 ingenia
445 2008 471 2053 in
488 2016 540 2051 tam
556 2002 686 2066 depravatis
701 1999 764 2049 libris
783 1993 829 2045 esse

42 2077 63 2119 a,
78 2079 132 2129 quae
144 2078 226 2113 tamen
236 2068 310 2114 Graeci
321 2080 465 2116 enarratores
479 2066 602 2131 diligenter
614 2076 705 2114 norant.
726 2056 831 2110 Fortasse

45 2142 99 2179 eum
110 2131 152 2192 qui
164 2129 226 2177 hunc
236 2131 398 2179 contaminare
409 2128 474 2179 ausus
486 2128 533 2187 est,
549 2127 634 2177 fefellit
645 2142 693 2175 vox
706 2141 735 2173 ea
746 2126 831 2193 allisis,

42 2206 80 2238 ton
91 2190 195 2240 crederet
206 2192 247 2240 ille
258 2191 301 2240 nifi
315 2192 343 2240 de
355 2193 505 2258 poiimatibus
519 2192 577 2241 dici:
594 2190 659 2255 quod
672 2188 732 2237 adeo
744 2186 831 2237 falsum

42 2254 77 2303 id
87 2255 183 2319 longius
195 2255 318 2306 confutare
328 2272 378 2304 non
390 2271 505 2321 oporteat.
524 2254 567 2305 Sed
579 2259 634 2318 quia
647 2252 735 2317 semper
747 2252 833 2299 Cicero

42 2314 100 2367 libus
111 2317 226 2369 faciendis
245 2319 267 2368 se
286 2317 386 2368 libenter
399 2322 520 2378 exercui,
540 2317 603 2368 infra
623 2330 700 2366 narrat
722 2313 779 2384 quid
801 2329 832 2362 eo

42 2396 72 2429 tte
84 2384 187 2431 numeris
198 2379 321 2447 scripserit:
337 2381 392 2432 dicit
407 2385 472 2431 enim
489 2381 573 2431 serres
589 2379 660 2429 libros
677 2376 719 2427 scri
736 2377 785 2425 lille
803 2375 834 2425 de

42 2442 110 2493 tribus
130 2443 181 2495 suis.
212 2460 270 2494 nam
285 2445 344 2493 illud
362 2450 462 2494 carmina
473 2447 570 2510 quadam
585 2458 637 2492 tam
655 2443 729 2491 otioe
745 2440 836 2493 distant

42 2508 128 2573 lignum
138 2507 259 2557 videbatur
272 2509 390 2574 elegantia
401 2510 537 2565 Ciceronis,
554 2522 597 2556 nec
608 2521 658 2555 tam
668 2518 775 2555 accurata
786 2500 837 2550 sua·

42 2586 106 2619 erum
118 2570 285 2636 expositione,
301 2588 348 2637 qua
360 2576 386 2621 in
399 2572 496 2638 epistola
513 2573 591 2621 utitur.
610 2571 722 2619 Vir'iorias.
755 2566 837 2615 vitro-

42 2636 110 2685 niam
130 2634 252 2684 hocloco
273 2633 339 2686 suam
360 2635 555 2688 emendationem
575 2631 635 2683 mihi
651 2632 721 2697 plane
744 2626 837 2694 probat.

42 2716 72 2751 47,

55 2766 153 2873 Βῦκνέο
167 2781 201 2809 me
212 2761 279 2820 feret]
310 2765 480 2828 Aliidrffiungar
496 2763 620 2815 interdum,
636 2773 738 2824 quotum
758 2769 838 2805 utrum

42 2824 120 2875 :erosa
145 2824 240 2883 umstt,
256 2827 465 2879 nonlitciledibtu
484 2829 569 2876 Idem..
763 2872 766 2877 .

54 2894 106 2937 Tres
117 2890 216 2936 la'lrosde
227 2893 432 2952 emporitanae]
463 2895 501 2939 De
516 2887 616 2943 exsulio,
633 2898 703 2950 atque
715 2885 788 2932 etiam
802 2895 839 2929 re-

49 2953 74 3000 in
87 2952 124 3001 his
138 2954 204 3001 enim
214 2953 354 3009 Leontium,
372 2956 462 3018 optime
474 2951 504 3001 de
517 2951 539 3001 se
553 2953 663 3000 meritum
675 2983 682 3005 ,
696 2947 839 2997 noarnnavit,

42 3012 141 3065 iterium
157 3013 257 3065 nedibus
267 3029 313 3065 tres
325 3015 398 3065 libror
410 3016 440 3065 de
451 3013 570 3064 consulatu
581 3012 642 3071 suo,
658 3009 697 3061 sed
712 3020 842 3079 autequam

42 3077 208 3129 uexstrlium:
224 3079 289 3144 quod
311 3078 374 3144 epist.
391 3097 412 3136 3.
433 3076 484 3133 rib.
501 3094 531 3127 11.
560 3077 591 3126 ad
607 3083 656 3126 Atr.
671 3078 697 3124 bc
714 3073 743 3121 de
760 3072 852 3144 Diutu-¹

42 3159 54 3192 r.
70 3140 181 3194 ostendit.
200 3143 238 3191 hic
251 3157 330 3192 autem
343 3144 427 3191 Cicero
435 3152 622 3195 commemorat,
638 3154 689 3201 qua:
701 3135 752 3203 post
763 3130 844 3181 disces-

42 3208 156 3263 Lentuli,
179 3204 270 3263 idest,
287 3206 338 3271 post
355 3202 469 3254 exsulium
487 3202 571 3260 suum,
592 3200 727 3268 scripserat:
744 3195 846 3264 Episl.6.

42 3284 64 3321 11.
79 3277 187 3319 Nevittae
198 3288 293 3317 meorum
304 3283 426 3331 temporum.
445 3273 468 3317 P.
475 3273 567 3316 Mamur.

42 3370 45 3385 .
60 3336 103 3383 Sed
114 3337 170 3400 quia
180 3334 287 3391 veretra]
307 3339 344 3382 lta
355 3332 438 3379 Veneri
452 3365 459 3386 ,
475 3331 516 3378 alii
532 3330 646 3376 omittunt
657 3330 716 3388 quia.
751 3327 782 3396 At
799 3336 846 3387 ego

42 3410 69 3455 tr,
83 3414 116 3446 ne
127 3398 227 3459 aliquis,
245 3397 286 3460 qui
296 3409 409 3444 metueret
421 3409 452 3440 ne
465 3390 546 3441 vitiose
557 3392 649 3438 locutus
662 3390 748 3442 Cicero
757 3385 846 3435 videre-

43 3456 181 3511 liberarent
192 3459 398 3520 commistionem,
415 3472 463 3521 quo
475 3455 540 3504 fastu
554 3452 614 3503 nihil
625 3450 746 3517 opussuit.
766 3457 844 3497 Canur.
920 3462 925 3475 ⁸

42 3536 68 3579 lt.
86 3521 222 3587 iutelligit,
243 3541 283 3573 aaa
295 3522 351 3585 mist.
372 3520 559 3587 alloquiorum
580 3512 626 3571 eise
642 3529 764 3568 maneum.
794 3514 864 3624 Ep}
