2272 4020
156 154 412 223 brana
454 148 757 234 rennos.-
872 166 934 251 ¹43

51 268 115 333 tem
128 263 251 329 deserere
263 261 374 355 pollet?
393 267 495 355 Unum
508 285 594 345 genus
609 274 719 349 excipio
732 273 892 344 sermonis,
901 277 934 335 in

51 343 249 483 quogaersaepe
261 342 363 423 aqurud
378 344 493 416 dicitur,
513 349 629 424 75quod
641 362 670 409 te
683 362 781 426 putem
800 352 876 412 nolle
891 352 933 411 di·

52 425 100 485 ci:
151 434 200 481 aut
211 422 367 509 legatorum
380 434 495 481 tuorum
507 424 651 500 ocuipiam
659 468 669 497 ‚
689 427 773 487 ⁷⁶aut
783 428 955 503 praefecto-⁰
970 422 1038 493 qoip·

55 506 138 574 rum,
158 511 206 559 aut
217 499 393 559 tribunorum
408 500 529 559 militum
543 502 616 562 male
630 503 751 563 edicitur
766 525 774 563 ε
793 506 872 583 quod
891 492 1004 569 ta·Pl²¹n
1027 488 1081 543 ω·

55 596 128 655 men
139 576 229 653 ipsum
242 595 303 637 non
316 576 476 636 mehercule
495 577 586 637 adhuc
606 581 706 640 accidit
725 598 772 640 me
786 558 1028 667 audientef'rffigit

57 668 91 715 ut
104 668 152 715 aut
164 654 272 731 gravius
286 654 440 724 diceretur,
458 666 507 713 aut
519 654 571 713 <rin
584 656 666 731 pluris
681 700 690 727 ,
709 658 796 736 qulrn
817 676 931 718 mecum
940 633 992 730 las,
1015 683 1081 734 fam,

58 732 198 809 Corcyrae
211 730 326 789 Clodius
341 731 378 790 est
390 731 515 790 locutus:
536 731 602 791 clun
621 736 651 793 in
672 752 708 793 eo
722 752 824 811 genere
845 738 956 807 maxi-q
972 748 1083 795 irarum.

59 808 109 870 md
129 820 290 887 quereretur
308 820 338 866 te
357 806 475 867 aliorum
502 806 678 884 improbitate
705 812 796 871 minias
822 812 934 871 felicem
941 809 988 879 ‘²3¹³'
1004 806 1083 872 impu-

60 882 150 947 fuilse.
188 886 253 944 Hos
274 902 328 961 ego
349 883 513 955 sermoneS,
532 885 610 963 quod
637 890 668 949 dt
696 890 878 959 multisunt,
904 885 997 949 &¹¹⁰²

61 974 143 1023 tuam
157 962 409 1033 existimationem,
428 975 460 1021 ut
477 979 531 1038 ego
545 962 657 1035 sentio,
683 986 743 1025 non
763 966 935 1036 offendunt,
980 937 1003 982 Ρ·
1020 938 1047 984 Β·

60 1040 202 1128 *laceffitsi
222 1056 402 1116 numquam,
420 1038 467 1097 sed
487 1057 547 1097 non
574 1042 654 1101 valde
673 1044 789 1120 repressi.
828 1045 856 1104 Si
896 1045 957 1108 uisr
972 1059 1070 1107 nonla-

64 1118 124 1189 est,
142 1136 191 1195 qur
211 1118 356 1176 neminem
376 1112 525 1175 bonafide
551 1117 581 1176 in
608 1120 723 1194 gratiam
744 1133 824 1197 putet
849 1062 937 1180 reloe
946 1119 1000 1172 cess·
1010 1138 1054 1170 un-

108 1190 162 1255 ise:
181 1212 241 1253 non
254 1193 376 1253 nostram
396 1194 418 1251 is
439 1190 582 1268 perfidiam
605 1200 751 1273 coarguit,
769 1198 817 1258 sed
835 1199 1019 1258 indicatquam
1032 1186 1089 1235 ²⁴⁸·

64 1210 162 1342 lisam
183 1268 317 1348 fimulque
330 1288 390 1329 non
404 1269 439 1328 de
453 1287 500 1327 me
513 1269 535 1327 is
551 1270 650 1348 pejus,
670 1273 757 1350 quim
779 1276 813 1334 de
833 1288 862 1333 te
882 1254 1020 1335 exi-m·

65 1352 170 1412 stimat.
208 1358 237 1401 77
246 1348 293 1408 Sin
305 1360 401 1407 autern
414 1365 501 1424 quern
523 1364 585 1407 mea
606 1350 725 1409 instituta
750 1352 780 1410 in
801 1353 947 1428 provincia

67 1446 132 1490 non
153 1422 314 1494 deledlant5
340 1422 408 1482 7⁸&
428 1424 548 1499 quadam
569 1426 782 1488 dissimilitudine
809 1429 947 1488 instituto-

69 1522 136 1567 rum
151 1518 337 1565 meorumue
356 1511 472 1561 tuorum
491 1501 556 1561 laedi
575 1502 602 1562 se
622 1518 723 1580 putat,
743 1504 808 1564 cum
827 1518 946 1582 uterque

895 1601 950 1642 tro·

69 1738 189 1801 legatorum
197 1745 286 1781 tuorum
302 1732 415 1794 cuipiam,
435 1744 475 1779 aut
491 1732 657 1804 prafellorum,
679 1745 718 1780 aut
731 1734 864 1781 tribunorum
880 1734 945 1781 milt-

71 1814 140 1857 un,
154 1798 312 1845 maledicitur.
345 1798 412 1843 Nam
423 1797 449 1844 be
466 1793 521 1843 alibi
540 1795 601 1859 quati
620 1796 837 1860 interpretationem
856 1798 945 1860 reperi,

72 1866 100 1911 de
114 1865 232 1925 legatam
240 1872 326 1905 tuorum
340 1863 448 1921 quopiam.
471 1858 545 1909 Paulo
556 1856 627 1922 post,
647 1864 677 1905 Et
687 1863 811 1921 impurius,
827 1860 945 1910 Yistoriua

73 1924 160 1993 probat
170 1928 194 1973 in
198 1925 279 1987 plures.
295 1924 416 1971 earne-,rar

108 2004 147 2049 75.
163 1988 233 2052 Qud
241 1999 262 2032 te
273 1998 347 2048 ptem
356 1986 412 2031 nolle
426 1985 495 2043 died]
525 1984 665 2050 Legendum
681 1979 744 2041 effe,
759 1982 816 2049 quod
832 1998 853 2031 te
870 1998 946 2048 patrm

73 2071 116 2101 aaa
124 2052 237 2101 nolledici
246 2048 349 2097 declarat
358 2045 384 2095 id
394 2047 459 2111 quod
470 2046 572 2112 sequitur
580 2065 631 2097 non
647 2049 720 2114 longe
731 2046 863 2096 admodum
874 2080 881 2103 ‚
897 2048 946 2105 tbi.

75 2121 124 2167 Hos
140 2130 175 2179 ego
186 2116 304 2175 semoncs,
320 2113 376 2174 quod
386 2113 412 2165 b*
426 2113 494 2159 multi
503 2114 573 2172 sunt,
589 2115 615 2164 dr
629 2126 690 2160 tuam
708 2111 904 2171 existimationem,
919 2124 945 2158 ae

74 2194 113 2244 ego
121 2178 208 2239 smio,
224 2194 266 2223 non
280 2174 402 2237 offendunt,
417 2174 511 2236 laceffivr'
518 2193 641 2240 nunquam,
657 2178 701 2229 dyc.
717 2179 785 2224 Nam
797 2174 846 2223 haec
860 2173 944 2233 verba,

74 2239 430 2309 quadreputmnonnolledici‚
446 2238 507 2287 hanc
520 2242 571 2289 vim
586 2239 690 2297 habent,
708 2237 737 2287 de
757 2251 847 2303 quote
862 2251 946 2302 putem

30 2334 33 2339 ·
75 2303 261 2359 nonlaborare,
276 2300 409 2361 fidicamr,
424 2304 481 2367 quia
495 2301 581 2353 icilicet
596 2303 795 2352 existimationem
809 2314 876 2350 tuam
894 2316 947 2350 non

76 2370 158 2423 ledat.
190 2366 263 2429 Quod
278 2364 297 2414 fi
315 2367 395 2415 liceret
408 2365 473 2415 libris
490 2363 688 2416 consentientibus
706 2380 838 2431 reponere,
853 2366 910 2430 qaod
924 2378 947 2411 u

76 2446 152 2497 patrm
160 2448 202 2479 mn
215 2432 282 2477 valde
290 2431 346 2476 narie
360 2432 406 2477 dici
416 2463 423 2487 ,
439 2428 478 2478 vel
488 2426 532 2487 fic,
547 2432 604 2493 quoa
618 2442 639 2478 te
648 2443 722 2494 purtem
730 2448 771 2477 non
787 2432 882 2477 nimium
890 2429 947 2475 mlle

75 2498 138 2555 M,
154 2495 200 2547 dre.
214 2493 293 2543 multo
303 2493 379 2557 magis
387 2492 519 2557 probarem.
536 2494 635 2543 Lambin.

111 2568 152 2618 76.
170 2563 226 2606 Aa
242 2556 407 2621 praefidentem]
435 2560 544 2619 Quorum
556 2571 616 2605 unus
632 2556 736 2621 Scaptius
758 2553 839 2604 habuit
857 2564 948 2607 turmae

77 2625 203 2690 equinam,
218 2619 302 2685 quibus
312 2617 426 2671 inclusmn
438 2622 466 2669 in
478 2622 540 2669 curia
555 2625 667 2670 senatum
676 2620 794 2669 salamine
804 2614 907 2672 obsedit,
922 2626 949 2664 ut

77 2687 149 2739 rame
160 2691 283 2736 senatores
294 2683 400 2748 quinque
408 2695 551 2733 necarentur.
570 2685 655 2734 carrad.

114 2767 154 2811 77.
173 2752 216 2798 Sin
230 2761 302 2794 autem
321 2762 450 2810 quanquam
468 2752 540 2805 mea]
571 2749 674 2803 Veneti,
694 2747 727 2804 fin
741 2755 813 2793 autem
827 2758 905 2808 quem,
920 2738 953 2788 de

101 2830 135 2864 uo
144 2826 228 2865 vereor
238 2826 270 2860 ne
280 2806 341 2859 illud
350 2807 379 2857 fit
395 2808 492 2860 faetrnn.
526 2814 557 2859 Et
568 2824 628 2858 mox
640 2812 751 2858 limitavit
761 2826 770 2866 3
786 2809 872 2859 Veneti
885 2808 953 2853 lima·

101 2882 130 2935 ἰ,
145 2877 189 2927 alii
198 2877 307 2923 elimavit.
325 2875 446 2924 Carnemr.

116 2949 156 3001 78.
173 2944 204 2989 Bt
215 2937 310 3003 quadam
322 2937 494 2998 diffimr'litudine
504 2937 651 2997 institutorum
665 2951 758 2984 meorum
774 2952 801 2982 ac
816 2949 903 2983 tuorum
914 2936 952 2981 la·

83 3002 112 3053 et
123 3006 147 3067 se
158 3007 243 3069 putee]
273 3004 298 3051 si
306 3013 412 3049 accurate
420 2999 554 3066 perspiciet,
568 2998 632 3051 bone
640 3000 730 3056 ledor,
745 3000 808 3047 hunc
822 2999 903 3047 locum
913 2999 952 3046 vi-

10 3114 12 3119 .
84 3064 280 3141 debltpeputatl
311 3062 434 3121 debere,
450 3077 494 3120 re,
515 3065 629 3129 inquam,
646 3077 663 3111 o
677 3064 758 3137 Appi:
775 3062 805 3110 de
821 3062 866 3110 illo
883 3062 951 3110 enim

84 3132 182 3199 agitur:
204 3130 287 3191 &qui
304 3144 343 3178 am
363 3124 553 3192 suspicabannrr,
572 3128 665 3176 nullam
680 3129 754 3175 airam
769 3125 801 3174 ob
817 3139 868 3173 rern
883 3135 952 3171 tanta

10 3240 13 3249 .
40 3228 47 3237 ·
83 3194 236 3245 continentia
246 3195 272 3242 &
283 3195 391 3257 equitate
401 3193 436 3240 uti
444 3193 470 3240 in
478 3192 600 3256 provincia
611 3192 766 3244 Ciceronem,
781 3184 824 3236 nili
837 3199 863 3235 ut
880 3186 954 3251 Appii

10 3296 14 3319 ,
85 3256 149 3309 l'trrta
163 3260 191 3309 dt
205 3254 384 3321 improbitatem
402 3268 532 3322 argueret,
552 3254 696 3316 demumque
711 3266 738 3301 ut
753 3249 954 3299 existimationem

87 3320 151 3396 lll'pu
159 3322 268 3371 violaret.
285 3333 346 3384 quos
356 3334 439 3370 tamen
450 3320 536 3368 Cicero
546 3314 594 3383 ipse
603 3316 727 3381 diiigenter
738 3314 825 3364 refellit
838 3316 864 3362 &
879 3314 905 3361 in
915 3313 956 3361 his

87 3382 192 3448 epistolis
210 3388 236 3434 δι
256 3381 288 3432 ad
301 3385 417 3435 Atticum.
451 3383 520 3432 Nihil
536 3383 602 3430 enim
621 3377 685 3427 aliud
700 3376 816 3441 significat
829 3389 895 3425 tortu
911 3376 954 3425 iile

52 3502 55 3513 Ι
86 3448 157 3499 locuta
165 3446 197 3499 ed
206 3448 332 3504 coelium,
354 3445 397 3497 lib.
405 3461 436 3497 tr.
459 3446 524 3512 epist.
540 3461 575 3503 13.
598 3447 669 3490 Genus
684 3442 830 3501 institutorum
845 3442 871 3493 dr
886 3442 955 3488 rario-

84 3528 140 3565 rum»
148 3529 260 3569 marum,
275 3512 321 3565 dc·
336 3508 457 3563 &iilead
467 3512 589 3567 Attidem,
604 3505 644 3559 lib.
652 3520 687 3558 vr.
703 3520 740 3572 ep.
749 3522 769 3555 1.
786 3510 850 3553 Ham
858 3499 958 3611 now·

941 3581 963 3611 ‚-
