2272 4020
120 136 123 143 ·
206 102 272 194 '464
316 66 461 172 'Errsn
488 101 613 171 Coterr
642 105 695 168 nn
721 101 949 172 Ciceronem

209 236 288 292 rem,
307 219 394 299 quim
407 231 514 298 paratus
527 220 698 281 ab'exereitu
719 220 806 292 esses,
828 221 958 300 nequod
986 222 1074 285 hic-tr

57 304 75 376 n
96 298 199 367 dignita·
208 300 309 358 multus
321 299 469 375 ¹¹dignitati
481 310 540 357 tuae
553 298 707 374 periculum
720 298 839 359 afferret.
869 301 957 358 Nam
972 298 1009 357 de
1021 301 1075 373 vita,

56 368 168 416 ΝΜ·
208 373 361 450 siparatior
374 377 407 434 ab
421 376 544 434 exercitu
558 371 646 444 esses',
665 373 823 435 timuissem.
844 393 932 434 nunc
955 375 1019 434 baec
1037 379 1076 437 eri

75 498 80 505 .
120 471 124 479 ·
207 454 294 526 guitas
321 453 488 528 copiarum,
515 448 672 522 recessum,
699 469 758 511 non
778 452 1007 517 dimicationem
1027 455 1076 513 nili

58 542 81 583 ι’
88 536 201 586 necati.
209 539 288 586 tuam
308 528 490 604 praesagiebat.
528 528 618 587 0Ι-Ιοε
639 529 788 607 quomodo
808 530 984 604 acciperent
1003 529 1077 588 honi·

208 622 274 673 nes,
295 603 381 681 quim
413 602 556 680 probabilis
588 604 727 663 necessitas
761 608 854 664 sutura
882 601 1078 674 esset,vere01

207 682 396 740 etiamnunc:
416 697 509 758 neque
542 679 594 739 rius
607 678 729 740 de'smam
741 681 899 740 formidare
917 724 928 751 ‚
952 681 1038 758 quim
1049 696 1077 741 te

187 755 293 832 ,tigiffe
307 770 336 816 te
350 758 456 816 ltaliam
480 698 601 815 autiero.
641 757 695 816 Sed
714 757 749 815 de
776 759 955 816 Parthorum
983 757 1077 817 transtu

208 834 298 893 nuntii
311 834 400 893 varios
412 833 551 891 sermones
572 834 733 894 excitarunt.
770 834 851 892 Alius
875 835 961 893 enim
978 879 987 905 ,
1007 836 1075 895 Pon

88 928 182 975 alitam
206 912 301 985 pejum
316 909 500 968 mittendumr
521 909 604 979 alius,
623 910 657 968 ab
676 910 744 968 tube
757 911 960 986 rl'ompejurn
977 930 1035 970 non
1047 928 1074 970 rt·

84 991 131 1037 lene
206 986 404 1050 movendums„
417 986 499 1057 alius,
520 986 659 1044 Caesarem
673 1004 737 1045 cum
758 986 807 1045 suo
829 987 988 1046 exercitu:
1009 988 1075 1056 aliu,

57 1056 141 1117 ²⁰ml·
207 1064 351 1122 consules:
372 1077 459 1122 nemo
472 1075 568 1122 tamen
588 1071 660 1121 49ex
680 1063 785 1123 senatus
807 1061 942 1122 consulto
959 1066 1074 1140 privatos

206 1138 337 1199 Consules
352 1152 470 1207 autem,
490 1141 555 1217 quia
569 1151 714 1209 verentur,
734 1158 771 1198 ne
791 1136 858 1198 illud
880 1140 1000 1200 senatus
1020 1157 1073 1200 con·

59 1241 75 1294 q
90 1228 135 1278 atii
143 1230 176 1281 sc.
205 1216 305 1275 sultum
319 1215 366 1275 fiat
381 1258 390 1286 ‚
410 1227 460 1270 ‘150
468 1229 499 1274 ut
511 1215 631 1292 paludati
645 1226 744 1275 exeant
759 1259 769 1286 ,
787 1227 834 1274 aut
854 1216 1074 1287 contumeliose,

204 1305 305 1370 praeter
325 1311 397 1363 eos,
416 1292 450 1351 ad
471 1294 555 1352 alium
576 1310 618 1351 res
638 1293 835 1361 transferatur,
855 1294 988 1352 omnino
1016 1293 1074 1353 sem·

204 1384 266 1429 turn
280 1371 373 1429 haberi
387 1370 500 1428 nolunt:
521 1368 606 1445 usque
619 1367 674 1438 eo,
691 1379 723 1426 ut
729 1385 827 1443 parum
841 1366 997 1445 diligentes
1011 1370 1075 1428 inre·

204 1448 312 1522 publica
326 1445 484 1507 videantur:
507 1454 531 1498 5¹
541 1445 588 1503 sed
600 1443 731 1514 honeste,
751 1444 807 1505 srve
821 1444 1018 1521 negligentia,
1031 1445 1075 1505 five

205 1524 302 1583 inertia
317 1521 371 1591 est,
391 1520 446 1580 five
460 1520 529 1590 ille,
549 1538 635 1598 quem
654 1520 806 1598 proposui,
833 1532 929 1580 metus
951 1521 1022 1580 latet
1040 1523 1074 1581 sub

204 1597 258 1657 bac
276 1598 469 1674 temperantiae
488 1598 712 1668 existimatione,
731 1598 805 1656 nolle
825 1599 1020 1672 provinciam.
1054 1600 1074 1658 ll

204 1686 234 1733 te
247 1674 346 1733 litterae
366 1693 427 1734 non
445 1688 604 1734 venemnt:
624 1676 654 1733 &
676 1718 685 1745 ,
704 1672 754 1732 nisi
773 1674 904 1750 Dejotari
933 1675 1075 1736 sbbsecutae

106 1776 134 1821 3..
206 1748 309 1820 essent,
328 1752 358 1809 in
378 1769 441 1810 eam
461 1753 626 1828 opinionem
648 1751 750 1809 Cassius
769 1762 910 1820 venerat,
932 1752 1003 1829 quae
1022 1753 1074 1811 diri·

135 1895 139 1903 ι
170 1834 173 1839 ’
226 1824 304 1885 uisset
330 1827 408 1903 ipse,
434 1839 466 1885 ut
485 1828 641 1887 viderentur
667 1828 701 1885 ab
721 1827 799 1885 hoste
819 1825 950 1898 vastata,
979 1825 1072 1889 finxisse

205 1844 334 1973 sellum,
355 1906 384 1962 &
405 1905 507 1963 Arabas
533 1906 563 1963 in
589 1903 762 1980 provinciam
782 1899 951 1973 immififfe,
980 1905 1073 1982 eosque

206 1978 320 2039 Parthos
336 1978 388 2039 else
404 2024 412 2050 ,
431 1980 534 2040 senatui
555 1975 725 2038 renuntiasse.
764 1981 858 2053 Quare
879 1979 932 2037 tibi
954 1980 1071 2050 suadeo,

94 2071 120 2117 1’.
135 2071 162 2116 n.
206 2057 376 2132 quicumque
396 2056 433 2114 est
454 2057 509 2115 istic
528 2056 608 2114 status
629 2074 745 2123 rerum,
765 2055 934 2130 diligenter,
956 2058 988 2114 br
1003 2057 1071 2116 caute

59 2133 364 2253 {effigi-perscribas,
386 2144 456 2194 52ne
471 2145 518 2192 aut
539 2131 706 2196 tvelificatus
726 2131 808 2192 alicui
828 2131 944 2191 dicaris:
966 2136 1071 2289 auctlmassi·

171 2240 177 2254 ⁸
202 2256 207 2263 ⁴
416 2264 420 2275 ι
1061 2254 1069 2283 D

235 2363 272 2408 49.
289 2353 325 2397 Ex
336 2350 376 2398 Sc.
385 2351 502 2411 privatae]
517 2351 564 2413 Qui
574 2351 600 2401 in
610 2349 707 2416 praesens
719 2347 885 2414 magistratum
895 2365 949 2398 non
962 2362 1068 2416 gererent,

205 2414 304 2461 nomine
320 2409 420 2461 Procoss.
443 2425 467 2460 ut
484 2415 561 2478 Scipio
581 2416 606 2462 in
629 2411 768 2479 Hispaniam
782 2410 848 2462 bello
863 2416 955 2462 Punico
977 2412 1069 2463 secundo

204 2472 292 2525 missus.
310 2476 367 2534 Ἠ.
375 2479 469 2525 Gronov.

205 2544 208 2549 ’
238 2555 275 2592 50·
292 2545 326 2584 vr
338 2541 439 2602 paludati
453 2547 545 2598 exeant]
560 2545 592 2589 Ut
603 2540 632 2589 ad
642 2540 733 2590 bellum
743 2541 874 2589 mittantur.
907 2545 1070 2613 Imperatores,

204 2614 236 2648 eo
246 2602 285 2648 die
302 2617 350 2665 quo
367 2602 397 2650 ad
412 2600 500 2650 bellurn
516 2603 644 2668 professori
662 2615 746 2658 erant,
767 2604 792 2650 in
807 2602 933 2666 Capitolio
949 2603 1069 2652 induebant

201 2664 391 2772 fialadamenrum,
407 2662 518 2728 sacrisque
529 2666 596 2715 fastis
607 2670 634 2716 ,δι
645 2668 706 2714 votis
725 2667 863 2729 nuncupatis
876 2664 981 2727 paludati
995 2682 1024 2714 err
1039 2683 1070 2714 ur*

221 2725 359 2783 eexibanr,
376 2730 435 2777 &in
446 2731 540 2792 Campo
558 2731 648 2777 Martio
665 2724 813 2776 subfisiebant
829 2761 836 2783 ,
852 2727 931 2775 donec
949 2733 1031 2778 omnia
1045 2730 1070 2776 ad

203 2787 248 2836 iter
257 2785 329 2837 essent
341 2804 427 2852 parata.
461 2794 638 2839 Paludamenrum
648 2804 727 2840 autem
739 2804 786 2838 erat
798 2789 905 2851 chlamys
924 2793 1071 2855 imperatoria

203 2852 329 2959 eGoccinea,
343 2853 419 2901 limbo
429 2868 543 2919 purpureo
558 2867 675 2918 praetexta.
699 2854 752 2903 vid.
764 2852 857 2903 Ruben.
869 2853 900 2902 de
910 2859 951 2903 Re
962 2854 1070 2912 vesl.1,5.

230 2932 316 2963 uvim.
802 2958 806 2965 ,

241 2993 276 3032 51.
295 2980 337 3024 Sed
347 2978 443 3038 honeste]
460 2979 578 3042 Qricquid
592 2978 619 3028 sit
637 2980 707 3036 vitii,
723 2977 789 3042 quod
799 2994 840 3027 eos
851 2981 987 3044 impediat,
1002 2980 1025 3030 id
1036 2994 1071 3028 ve

208 3039 260 3087 lant
278 3055 389 3105 praetextu
405 3041 573 3090 moderationis
590 3045 615 3090 in
630 3042 761 3107 appetenda
778 3045 918 3105 provincia,
944 3057 998 3106 quae
1015 3047 1070 3093 inter

207 3113 259 3150 tarn
270 3104 366 3166 cupidos
377 3106 449 3169 vulgo
461 3106 511 3152 laus
522 3104 655 3154 habebatur.
673 3107 729 3161 Μ’.
737 3110 831 3156 Gronov.

241 3181 277 3219 52.
295 3175 327 3213 tte
337 3169 505 3228 aurvclificarus
519 3171 587 3215 alicui
600 3171 699 3225 dicaris]
729 3169 820 3216 Mirum
840 3165 997 3217 Gebhardum
1014 3181 1071 3216 rece-

208 3225 279 3288 pisse,
295 3229 360 3291 quod
372 3232 397 3278 in
409 3230 528 3281 nonnullis
539 3244 604 3279 extat
620 3230 756 3286 codicibus,
772 3231 914 3291 delitiscens,
933 3231 1022 3279 addens
1038 3234 1071 3279 in·

206 3287 350 3352 eptissimam
360 3295 491 3347 rationem,
508 3289 530 3340 se
546 3291 677 3356 nornposl'e
687 3309 747 3340 exeo
765 3293 839 3350 itare,
862 3294 991 3355 quomodo
1002 3293 1073 3353 velifi-

207 3364 268 3396 catus
283 3351 327 3400 buc
343 3357 463 3416 pertineat.
481 3353 544 3417 quasi
560 3354 588 3404 sit
604 3357 642 3405 vel
658 3357 739 3419 paullo
749 3309 881 3405 innutanter
897 3391 905 3412 ,
942 3361 964 3408 ui
982 3359 1072 3422 ignoret

207 3412 317 3477 velificari
337 3418 427 3467 Latinis
448 3415 494 3469 eise
514 3418 658 3483 gratificari,
675 3416 799 3480 assentari,
813 3373 958 3477 eistatensi>
974 3421 1074 3485 gratian

201 3501 204 3505 ·
279 3506 283 3517 ·
1039 3495 1076 3531 au-
