2272 4020
66 186 72 197 ‘
160 150 255 248 '40
340 156 927 225 tinnimentum

212 273 248 331 de
262 269 407 346 auspiciis,
428 269 462 336 de
484 279 513 322 ²7
523 268 673 334 donatione
694 286 851 345 regnorum.
890 271 991 348 Neque
1011 268 1084 333 verd¹
1105 324 1113 347 ¹.

213 348 264 406 hac
278 349 307 405 in
323 347 398 404 causa
412 344 519 415 modo,
538 345 583 403 sed
598 344 750 403 constanter
763 346 833 422 saepe
847 348 876 405 in
891 348 992 411 senatu.
1012 351 1081 425 quin
1119 406 1122 411 .

213 424 328 492 etiam,
362 423 525 480 Marcellino
566 424 595 480 ὅ(
628 422 753 497 Phiiippo
780 424 958 494 consulibus,
998 424 1082 491 nonis

214 499 300 572 April.
321 499 388 557 mihi
402 498 439 555 est
453 498 557 556 senatus
571 493 700 567 assensus,
719 511 750 556 ut
764 496 792 538 2⁸
801 499 836 557 de
849 517 914 575 agro
923 501 1081 577 Campano¹
1123 572 1126 577 Ι

213 575 352 651 frequenti
365 575 473 645 senatu,
492 573 578 632 idibus
592 575 673 632 Maiis
693 575 880 634 ²9referretur.
902 587 930 629 30
938 578 1016 634 Num
1030 596 1083 711 Eo·
1104 598 1126 621 ·=

199 644 255 707 'tui
270 652 354 726 magis
368 653 396 710 in
410 668 502 709 arcem
515 650 583 708 iliius
598 649 683 715 causae
696 650 841 720 invadere,
861 664 908 710 aut
922 654 1033 728 magico
1050 654 1090 712 ls-¹
1124 656 1126 671 ²

216 726 281 787 visci
294 739 453 802 temporum
467 744 595 784 meorum
603 748 611 792 ;
633 723 786 785 meminisse
799 727 968 787 actionum?
987 729 1051 788 Hac
1064 728 1082 801 ᾖ
1096 722 1102 737 ’
1119 734 1126 755 ·

216 820 263 860 me
278 802 407 862 sententia
422 803 509 872 dista,
529 820 643 877 magnus
657 804 814 860 animorum
828 816 920 863 motus
934 804 971 863 est
984 798 1084 877 fastus(
1124 842 1126 849 ·

66 877 83 931 b
97 879 206 932 manassi.
216 878 302 936 bcum
318 897 432 948 eorum,
452 896 571 954 quorum
587 880 730 952 oportuit,
756 891 817 936 tum
837 880 946 938 illorum
975 881 1083 951 etiam,

74 964 82 979 ¹
217 973 337 1030 quorum
351 973 504 1031 numquam
517 967 649 1029 putaram,
669 955 743 1011 Nam
757 955 812 1012 hoc
821 966 845 1008 3¹
855 955 1084 1021 senatusconsulto
1102 956 1105 961 '

217 1032 246 1094 in
262 1048 352 1088 meam
366 1031 527 1089 sententiam
548 1029 621 1088 sasso
637 1073 646 1103 ,
664 1030 734 1089 Pom
756 1032 812 1105 ejus
828 1074 836 1099 ‚
856 1031 920 1090 cirm
933 1032 1003 1091 nihi
1016 1032 1084 1092 nihil

218 1105 372 1164 ostendisset
391 1105 417 1164 se
438 1102 490 1164 esse
505 1105 640 1173 offensum
657 1149 665 1174 ‚
683 1048 877 1189 in‘sdrdiniam
888 1133 901 1177 ¹,
922 1109 952 1167 ὃ(
965 1109 994 1166 in
1008 1109 1084 1169 Affi-
1104 1180 1113 1193 ἱ

219 1200 281 1240 cam
295 1181 433 1257 professus
454 1183 514 1252 est,
535 1200 625 1258 eoque
645 1182 741 1240 itinere
763 1183 871 1246 Lucam
892 1184 925 1241 ad
946 1184 1084 1246 Caesarem

99 1257 124 1302 P·
141 1259 179 1326 11,
219 1259 303 1317 venit.
329 1260 365 1317 ibi
387 1259 471 1316 musta
492 1259 609 1319 demea
630 1257 760 1316 sententia
780 1259 886 1334 questus
907 1259 1084 1339 difflatur,

67 1315 182 1431 fflaesm
219 1337 320 1412 quippe
342 1336 390 1411 qui
410 1337 491 1393 etiam
513 1338 655 1393 Ravennae
675 1331 798 1395 Crassum
819 1335 882 1393 ante
902 1333 1031 1407 vidisset,
1051 1338 1085 1397 ab

116 1414 123 1429 ⁸
221 1429 311 1487 eoque
325 1411 354 1469 in
374 1429 421 1468 me
442 1408 506 1468 esset
525 1412 654 1471 incensus.
694 1409 763 1468 Sanc
784 1410 897 1470 moleste
916 1413 987 1470 Pom
1026 1413 1085 1473 'um

218 1487 248 1546 sd
269 1488 338 1544 ferre
359 1486 516 1545 constabat:
537 1487 614 1564 quod
639 1505 692 1562 ego
713 1485 777 1544 ciam
798 1485 928 1546 audissem
949 1506 983 1553 ex
1019 1490 1085 1561 is,
1122 1534 1125 1541 .

219 1561 341 1622 maxime
355 1580 389 1621 ex
403 1581 469 1621 meo
483 1565 563 1622 fratre
576 1564 713 1638 cognovi:
733 1581 817 1654 quem
832 1563 894 1623 cirm
915 1564 944 1621 in
966 1564 1087 1625 Sardinia
1124 1586 1126 1593 ·

219 1640 366 1714 Pompejus
379 1640 470 1714 paucis
489 1639 548 1714 post
568 1639 684 1708 diebus,
703 1657 788 1714 quam
809 1640 887 1697 Luca
913 1636 1085 1720 discesserat,
1124 1646 1126 1705 ἓ

222 1711 405 1782 convenisset:
427 1715 490 1784 Te,
509 1714 708 1832 inquit,ipsum
723 1716 821 1790 cupio:
842 1715 941 1773 nihilo
960 1717 1084 1777 orrunius
1123 1724 1126 1793 ζ

71 1784 135 1843 dM·
144 1786 212 1841 01⁶⁹·
221 1793 311 1867 potuit
323 1791 446 1849 accidere
460 1814 469 1860 ;
490 1791 617 1859 niseum
652 1793 751 1850 Marco
765 1792 844 1849 fratre
865 1733 1008 1866 diligdrer
1020 1810 1085 1869 ege-
1103 1830 1106 1835 -

72 1863 130 1898 ‘⁰¹¹⁶
141 1847 210 1897 sm
222 1869 272 1936 ris,
292 1866 525 1942 edependendum
539 1868 587 1924 tibi
600 1867 654 1936 est,
673 1868 750 1942 quod
768 1866 836 1924 mihi
848 1884 899 1940 pro
919 1867 966 1926 illo
988 1868 1086 1945 3²spo-
1124 1902 1126 1909 ·

69 1924 180 2023 dedefen-
222 1942 347 2029 pondisti.
386 1944 463 2019 Quid
477 1941 582 2004 multa?
602 1943 707 2021 questus
722 1943 759 2002 est
772 1944 909 2021 graviter:
929 1943 974 2002 sua
987 1946 1085 2006 merita
1123 1994 1126 2003 .

69 2034 182 2086 ciendum.
781 2037 786 2047 '
1007 2040 1087 2087 Com·

71 2101 136 2150 Gran.
550 2136 555 2145 .

160 2207 167 2214 x
253 2176 289 2215 ιγ.
306 2163 425 2206 Dauniam
434 2167 560 2223 regnorum]
577 2160 658 2208 Titulo
668 2157 842 2225 Regi⁵&socii
853 2160 910 2208 dato
920 2162 1021 2217 extemis
1032 2165 1084 2226 By*
1121 2162 1126 2173 '

221 2222 291 2272 uastis
302 2237 345 2286 pro
355 2223 458 2285 pecunia.
476 2227 569 2271 Sueton
582 2222 655 2287 Jusc.
664 2240 699 2282 54.
717 2223 741 2280 J.
749 2226 773 2270 F.
782 2226 875 2272 Gronov.
887 2264 890 2269 .
1116 2256 1121 2265 ,

254 2293 290 2333 28.
308 2291 342 2330 De
352 2301 399 2347 agro
412 2292 531 2347 campana]
546 2289 578 2332 Ut
590 2287 639 2351 agri
648 2286 766 2349 Campani
774 2284 874 2358 vestigas
885 2286 907 2334 le
925 2285 1010 2396 epulia
1020 2284 1084 2343 abla-

220 2359 286 2403 tum,
302 2348 327 2399 in
336 2361 376 2394 ma
393 2362 424 2395 na
432 2351 532 2410 pecunia
543 2351 639 2412 inopia,
653 2350 680 2395 &
691 2362 789 2402 annone
799 2361 895 2403 cantate
904 2302 934 2401 s.
964 2348 1083 2406 ,restitue

220 2422 289 2459 retur.
313 2417 361 2455 corr
390 2446 396 2463 ,
429 2415 507 2473 Qrem
523 2407 599 2459 Caesar
612 2412 690 2459 invitis
710 2409 819 2458 omnibus
835 2409 902 2459 bonis
929 2409 1035 2465 diviserat
1057 2414 1083 2463 &

222 2469 375 2537 assignaverat
385 2475 464 2521 aerario
472 2471 589 2521 fraudato.
606 2474 630 2532 J.
637 2477 662 2522 F.
670 2475 764 2522 Gronov.

254 2551 290 2588 29.
306 2534 448 2601 Rfirretur]
463 2539 493 2594 Et
504 2534 535 2584 sic
545 2532 618 2584 narsus
627 2551 656 2584 ea
666 2549 719 2592 res,
735 2550 808 2599 quam
823 2533 899 2589 casa:
913 2550 957 2601 pro
973 2536 1084 2591 confecta

161 2632 163 2637 ψ
221 2595 335 2652 habebat,
351 2596 578 2646 indeliberationem
588 2599 724 2647 mitteretur.
740 2600 806 2647 Idem.
989 2612 1001 2633 ·

256 2657 291 2716 3'0.
310 2667 367 2706 Num
374 2663 435 2722 potui
444 2665 512 2723 tnagis
522 2665 545 2709 in
554 2679 622 2708 arcem
632 2663 693 2708 illius
703 2663 765 2723 cause
776 2663 888 2718 iraeadem
904 2675 943 2708 aut
951 2666 1019 2725 magis
1030 2664 1085 2711 obti-

219 2722 277 2780 va‘fci
286 2735 399 2783 temporum
409 2739 514 2780 meomm,
530 2724 644 2784 metnintffe
652 2725 785 2782 assianum]
800 2724 938 2833 Eleffiantior
948 2729 1084 2782 Veneta,&

222 2782 299 2847 magis
314 2782 486 2842 consentanea,
502 2783 652 2843 uisitator,
674 2786 745 2836 teatio
759 2784 831 2835 totiits
864 2788 913 2846 uiua
936 2787 1001 2845 soci,
1021 2786 1083 2843 ista:

221 2851 281 2902 Num
293 2850 355 2907 potui
369 2849 436 2909 magis
448 2852 470 2894 in
480 2865 548 2898 arcem
564 2852 626 2897 illius
636 2850 698 2910 cause
714 2852 832 2906 invadere,
851 2863 890 2896 aut
904 2854 971 2912 magis
986 2852 1087 2912 oblivtfce‘
1114 2884 1119 2894 .

219 2920 335 2969 temporum
345 2926 450 2965 meorum,
465 2912 695 2970 memimffiassr'onum
704 2914 747 2964 &a
765 2916 884 2961 Carnerar.
917 2914 1006 2967 Praetuli
1022 2912 1085 2969 hanc
1116 2938 1121 2953 ·

219 2967 367 3033 scripturam,
380 2983 405 3018 ut
416 2970 621 3030 animosissimam,
637 2989 666 3022 ex
678 2973 785 3023 Lambin.
793 2975 839 3022 Pas.
847 2987 899 3023 tert.
911 2973 999 3024 Medic.
1006 2977 1085 3033 variet

221 3033 338 3087 stewech.
350 3032 406 3081 alias
417 3032 448 3080 est
464 3035 489 3080 in
506 3035 552 3085 Pal.
564 3048 641 3099 quart,
656 3044 705 3087 Nec.
719 3041 785 3087 Grut.
802 3044 867 3085 Nam.
879 3038 904 3084 in
915 3037 1015 3101 vulparia
1025 3036 1082 3087 edit.

220 3096 296 3159 prima
306 3094 425 3149 raom-illud
430 3099 516 3148 verod·
522 3097 574 3169 poss
579 3115 671 3146 meorum
678 3100 770 3154 evanuit
783 3095 941 3156 intubusmffi
955 3101 1061 3151 Gebhard.

255 3174 290 3211 31.
308 3159 485 3219 senatusconsulto
497 3163 519 3205 in
530 3178 597 3208 meam
602 3163 727 3225 sententiam
737 3162 817 3220 fassa]
837 3167 916 3223 Quum
926 3177 980 3210 mea
990 3159 1085 3213 senten·
1111 3184 1114 3189 ·

220 3220 255 3271 tia
265 3217 366 3277 vicisset3
400 3236 456 3269 uum
465 3219 522 3270 ficut
534 3238 579 3288 ego
590 3221 733 3280 censueram,
749 3221 857 3277 decresset
869 3230 963 3278 senatus
975 3258 981 3280 2
998 3237 1023 3273 ut
1034 3241 1085 3277 tut·

220 3279 257 3337 sus
268 3295 373 3344 ageretur
382 3235 412 3331 de
422 3299 479 3348 agro
491 3289 623 3350 Campano.
642 3288 665 3345 7.
673 3291 698 3336 F.
711 3291 804 3335 Gronov.

255 3359 290 3401 33.
309 3347 456 3405 spopondistis
472 3351 599 3413 Receperat
610 3351 674 3401 enim
689 3352 801 3412 Pompeio
817 3351 930 3411 Quartus
946 3351 1050 3407 Cicero,
1066 3351 1085 3403 si

223 3410 317 3456 Marcus
327 3406 399 3456 frater
408 3409 433 3455 in
443 3411 544 3473 patriam
555 3410 582 3458 ab
593 3411 680 3460 exsulio
690 3425 852 3467 revocaretur,
869 3427 966 3477 operam
976 3429 1031 3461 eum
1042 3414 1085 3469 da·
1109 3414 1112 3421 '

221 3481 317 3529 cunrat,
337 3481 363 3527 ut
379 3468 475 3531 casaris
490 3473 666 3531 taatrennu
681 3472 892 3542 coadunentur,
918 3490 962 3531 aec
982 3480 1086 3597 0on

1016 3554 1034 3609 q
1075 3565 1088 3585 ι
