2272 4020
226 138 287 227 138
326 138 467 204 Emer.
488 150 550 200 nn
570 127 746 202 naaion
763 128 1010 203 Poecniun

224 256 380 317 dammodo
393 254 572 335 relinquenda
583 252 652 315 sunt.
691 251 770 312 Nihil
783 254 860 314 enim
871 252 975 314 habent
990 297 1000 325 ,
1019 252 1099 333 quorl

223 346 272 393 aut
284 334 430 395 definitum
443 333 492 405 fit,
511 343 559 391 aut
574 344 704 391 certum:
724 328 775 391 nisi
788 350 836 391 me
856 332 960 401 vultu,
986 333 1100 393 tacitur-

221 413 307 472 nitate
322 407 479 488 srgnificaffe
494 455 503 481 ,
521 409 570 469 tibi
581 427 642 469 non
656 404 710 470 effe
729 408 876 480 amicum,
901 410 988 487 idque
1009 408 1097 487 58pro

221 488 365 559 tribunali,
385 487 450 547 cum
463 488 498 550 ali
517 487 566 547 uid
584 498 725 563 ageretur,
744 488 776 545 ὅτ
795 486 934 547 nonnullis
948 488 977 546 in
998 489 1096 547 convi-

221 565 272 624 viis
284 566 399 641 intelligi
431 507 537 626 oniilile.
570 566 639 623 Hoc
651 574 745 623 totum
757 563 826 623 nihil
838 563 910 633 elle,
928 560 1040 641 poffum
1053 565 1096 625 in·

220 640 359 719 telligere:
378 585 430 702 seri
438 640 504 702 cum
517 641 551 701 fit
561 640 630 701 nihil
643 684 653 711 ,
672 659 710 699 ne
723 639 792 717 quid
804 640 910 699 dicatur
922 640 1039 717 quidem
1052 640 1097 701 in-

221 718 325 795 telligo.
363 718 434 778 Illud
445 719 561 796 quidem
572 718 654 787 scio,
673 734 753 777 meos
768 716 895 787 multos,
915 718 946 775 δι
965 717 1094 790 illustres,

225 795 256 852 &
276 814 311 855 ex
339 795 368 854 su
387 797 477 855 eriore
503 798 533 854 &
561 813 596 853 ex
623 812 708 872 aequo
726 794 793 854 loco
819 794 960 853 sermonen
986 794 1095 855 habitos

71 885 90 922 τ
105 872 149 918 *ἱῦ
158 888 199 919 m
223 888 288 931 curn
302 885 349 931 tua
362 815 470 930 limma
483 872 581 941 laude,
601 874 632 931 &
647 881 675 926 59
683 889 750 931 cum
763 889 864 949 magna
878 870 1094 943 ¹sollicitudine,

71 933 418 1048 ffldig‘glirgiifieatione
434 949 534 1010 nostrae
553 948 766 1036 familiaritatis,
782 950 818 1010 ad
829 962 857 1009 te
876 946 962 1037 ruere
976 946 1095 1039 potuisse

73 1074 90 1126 5
104 1034 200 1108 dil-db·
222 1026 329 1085 deferri.
349 1027 443 1097 Nam,
463 1026 541 1114 quod
554 1025 589 1085 ad
600 1026 706 1103 legatos
718 1036 840 1097 attinet,
859 1025 928 1103 quid
943 1043 959 1084 a
973 1043 1022 1085 me
1035 1024 1093 1085 fien

72 1122 188 1176 aaroni.
221 1104 313 1181 potuit
326 1115 374 1161 aut
394 1104 571 1181 elegantius,
597 1115 644 1162 aut
661 1100 781 1179 justius,
800 1101 887 1181 quim
909 1112 941 1161 ut
972 1102 1093 1179 sumpno

221 1179 453 1257 egentiffimarum
473 1182 616 1239 civitatum
638 1181 820 1250 minuerem,
840 1179 897 1241 sine
924 1178 978 1237 ulla
998 1180 1093 1239 immi·

221 1258 338 1317 nutione
353 1257 489 1333 dignitatis
501 1269 574 1328 tuae‚
595 1258 744 1333 praesertim
758 1256 819 1333 ipsis
833 1256 987 1315 civitatibus
999 1257 1093 1331 postu·

219 1332 362 1393 lantibus?
382 1336 457 1392 Nam
472 1335 541 1392 mihi
554 1346 647 1393 totum
668 1350 755 1409 genus
767 1335 958 1410 legationum,
972 1344 1023 1391 tuo
1039 1352 1094 1393 no-

218 1410 295 1469 mine
309 1410 558 1485 proficiscentium,
577 1423 679 1469 notum
692 1427 752 1468 non
766 1422 830 1469 erat.
868 1409 1007 1485 Apameae
1028 1408 1093 1472 clun

220 1483 322 1555 effem,
342 1487 490 1545 multarum
504 1488 648 1546 civitatum
661 1485 795 1562 principes
809 1486 844 1546 ad
857 1502 904 1545 me
919 1486 1094 1559 detulerunt,

70 1582 213 1631 lxxxiiii
220 1562 343 1639 sumptus
356 1561 467 1622 decerni
479 1564 573 1639 legatis
586 1565 667 1623 nimis
681 1578 797 1637 magnos
812 1605 821 1633 ,
839 1561 870 1605 ⁶⁰
879 1561 945 1621 cum
958 1561 1093 1625 solvendo

221 1640 344 1697 civitates
364 1659 422 1701 non
443 1638 536 1700 essent.
576 1640 636 1700 Hic
663 1656 717 1714 ego
744 1639 830 1697 multa
857 1638 938 1699 simul
963 1640 1094 1716 cogitavi.

219 1714 341 1792 primiun
354 1726 383 1775 te
409 1717 582 1786 hominem,
601 1733 661 1774 non
687 1712 775 1773 solum
796 1716 947 1793 sapientem
963 1714 1092 1785 ‚netum

219 1793 304 1853 etiam
325 1788 362 1870 (⁶¹
373 1804 404 1855 ut
417 1812 493 1855 nunc
513 1790 666 1873 loquimur)
685 1791 846 1865 urbanum,
865 1810 926 1853 non
947 1791 1093 1855 arbitrabar

989 1888 1092 1947 genere

218 2039 271 2091 qne
282 2023 313 2075 de
321 2025 415 2075 diverfis
429 2024 532 2090 parribus
542 2036 622 2090 agunt.
639 2027 733 2074 sueton.
751 2022 836 2074 Claud.
853 2037 903 2088 cap.
911 2039 933 2079 3·
975 2040 1001 2070 ao
1013 2028 1091 2073 canina

218 2091 361 2152 cognoscatur,
377 2089 655 2151 copiroexipsiuseprstolr's
668 2090 736 2149 posui.
771 2088 964 2152 Sicrapr'talegrrm
988 2102 1033 2137 unt
1078 2114 1090 2127 ·

219 2152 327 2216 ragraphi
344 2152 375 2199 de
387 2152 433 2199 alia
447 2151 511 2199 read
521 2149 586 2199 idem
595 2152 720 2213 negotium
762 2151 870 2200 minente.
892 2148 992 2200 Inferius
1006 2152 1034 2201 in
1062 2166 1089 2203 ae

220 2213 331 2278 epistola:
347 2213 500 2275 dilr'grnrr'ffimc
515 2214 619 2273 scritum
634 2218 745 2275 caputet.
763 2212 810 2260 hoc
823 2211 875 2270 est,
891 2212 933 2261 illa
946 2226 1000 2281 pars
1018 2214 1090 2269 edisti

220 2279 254 2328 rui
265 2276 295 2324 de
309 2278 476 2325 imminuendis
487 2227 605 2327 sumtissus.
621 2278 695 2326 Grov.

253 2350 289 2396 58.
307 2344 348 2386 Pro
359 2341 465 2387 tribunali
471 2373 479 2396 ,
496 2356 544 2386 cum
553 2341 642 2406 aliquid
650 2346 765 2403 ugernum]
791 2342 835 2389 l'to
846 2337 913 2387 rebus
919 2372 927 2395 ,
943 2354 995 2403 quae
1005 2340 1088 2390 dicun·

219 2416 259 2456 nar
271 2406 308 2467 agi
317 2415 357 2466 pao
368 2404 493 2461 tribunali,
514 2404 598 2475 vulgus
611 2400 697 2452 diceret
711 2406 735 2450 in
749 2402 861 2453 rribunali.
894 2402 967 2451 Paulo
982 2404 1087 2459 inferius.

220 2469 289 2531 quue
302 2468 395 2513 arbitror
408 2484 442 2514 me
457 2469 565 2527 Synnadis
578 2480 615 2531 pro
636 2466 743 2513 tribunali
761 2467 837 2513 multis
850 2465 921 2513 verbis
940 2465 1088 2532 disputavisse.

220 2530 281 2580 l’lin.
291 2528 343 2581 Lib.
355 2544 387 2581 11.
404 2534 447 2593 Ep.
460 2546 497 2583 ιο.
513 2532 579 2579 Sedeo
589 2544 628 2594 pro
643 2530 767 2585 tribunali,
782 2529 869 2588 subnoto
883 2528 984 2589 libellos,
1003 2533 1089 2593 conficio

220 2595 312 2643 rabulas.
333 2591 397 2643 Flor.
417 2594 480 2661 Epir.
496 2594 549 2645 Liv.
562 2608 635 2645 nvn.
657 2595 728 2656 Scipio
744 2592 871 2654 ampliffima
885 2608 972 2640 munera
985 2628 992 2652 ‚
1004 2594 1050 2653 fibi
1063 2595 1091 2641 ab

221 2659 333 2704 Antiocho
351 2672 396 2719 rege
409 2657 472 2717 miffar
487 2691 494 2714 ,
509 2674 558 2704 rum
578 2658 645 2704 celare
663 2657 716 2704 aliis
732 2656 895 2718 imperatoribus
913 2670 986 2718 regam
1000 2672 1091 2706 munera

219 2736 264 2769 mos
279 2721 325 2779 effer
340 2753 348 2777 ‚
365 2731 404 2781 pro
424 2720 530 2767 tribunali
543 2722 569 2783 fe
582 2732 713 2784 accepturum
727 2719 763 2779 effe
773 2720 838 2770 dr'xr'r.
856 2717 878 2782 J
885 2720 911 2767 F.
918 2722 1029 2770 Gronov.

252 2798 288 2839 59.
306 2789 357 2829 Cum
368 2798 405 2829 ma
431 2784 609 2843 afollicirrrdr'ne,
620 2781 791 2845 significatione]
807 2783 843 2830 sic
852 2784 918 2833 MSS.
931 2781 1002 2847 lege,
1020 2786 1092 2831 Sollr'·

217 2848 309 2909 atraque.
326 2846 351 2892 in
362 2845 402 2907 qui
418 2860 444 2891 ns
456 2848 481 2894 &
491 2846 610 2894 luculente
620 2848 645 2894 δι
657 2842 782 2911 diligenter
793 2842 958 2909 significarem.
981 2847 1018 2895 sie
1027 2845 1091 2915 apud

219 2913 352 2963 Senecam,
367 2911 406 2954 vir
416 2925 463 2953 cum
473 2910 631 2955 curodr'crndur
643 2942 651 2966 ,
667 2906 696 2954 de
709 2916 774 2959 Ptov.
786 2920 806 2956 c.
816 2924 836 2964 5.
854 2908 921 2958 Idem.

251 2981 288 3020 ⁶0.
307 2978 358 3018 Cum
362 2972 465 3031 solvendo
475 2989 514 3017 non
524 2972 603 3031 essene]
619 2976 683 3018 cum
692 2984 721 3019 ea
732 2968 819 3019 tributa
830 2969 919 3018 solvere
930 2985 981 3019 non
986 2968 1089 3037 pollent.

219 3034 251 3085 ad
270 3036 377 3082 Atticum
392 3031 491 3097 epistola
504 3031 596 3083 decima
616 3032 656 3087 lib.
671 3048 733 3085 1111.
754 3036 843 3097 Magius
856 3035 958 3095 solvendo
976 3052 1018 3082 non
1033 3050 1089 3091 erat,

219 3094 269 3148 Off.
280 3095 321 3147 lib.
336 3113 371 3145 11.
395 3103 419 3142 In
448 3101 526 3143 ecunr'r's
536 3098 622 3144 creditis
632 3099 722 3144 occultat
731 3097 797 3156 suum
809 3098 933 3160 goudium,
950 3114 976 3144 nr
985 3100 1091 3149 videm

218 3178 259 3207 nn
270 3159 336 3220 farn
345 3110 455 3221 niani.
478 3166 501 3211 r.
516 3164 609 3212 manue.

252 3232 288 3270 61.
305 3229 339 3269 Ut
348 3240 403 3270 nnnc
412 3225 432 3269 lo
447 3226 540 3281 niman]
556 3227 614 3273 Non
627 3221 705 3287 quod,
721 3223 834 3279 vrbanar,
850 3236 941 3272 novum
957 3220 1014 3273 effet
1038 3239 1090 3275 vet·

218 3282 288 3340 bum,
305 3300 360 3333 cum
371 3301 401 3334 eo
419 3238 512 3337 Plautus
528 3301 624 3350 quoque
641 3301 691 3334 non
709 3284 780 3334 semel
794 3285 845 3334 usus
863 3288 940 3343 ess'et3
966 3284 1006 3335 sed
1023 3286 1091 3353 quod

217 3362 281 3404 nova
292 3345 440 3411 fignificaeio.
462 3347 528 3414 quod
543 3351 608 3398 enim
622 3350 738 3413 peregrini
754 3348 865 3397 homines
879 3349 909 3399 ab
925 3347 1021 3399 urbanis
1036 3366 1091 3401 mo·

218 3425 272 3468 rum
283 3409 400 3474 elegantia
411 3415 436 3462 δι
447 3413 527 3477 lepore
537 3411 689 3460 vincebantur
699 3429 707 3467 3
723 3411 780 3459 inde
795 3427 833 3460 eoe
850 3425 902 3461 rum
919 3414 1046 3465 ciceronis
1060 3428 1090 3462 κ·

219 3485 282 3533 tate,
297 3476 389 3525 urbanus
399 3480 458 3526 homo
471 3475 532 3536 diri,
547 3490 593 3543 pau
607 3490 657 3538 ee,
678 3476 743 3540 eujus
758 3477 785 3528 in
850 3476 855 3484 ’
884 3488 925 3530 aut
940 3475 1010 3532 dinis
1023 3472 1092 3593 ff‘
