2272 4020
24 39 1054 113 '—

95 182 111 289 ,ἢ
160 227 350 306 Lraart
391 238 713 325 Sensimus·
826 256 887 328 349

24 348 86 413 Hoc
98 355 238 416 interdum
253 359 417 434 ‘probabam
437 362 467 420 ὅ(
486 362 518 419 in
539 377 572 419 ea
591 359 723 419 sententia
742 356 905 420 videbaturr
918 364 1002 430 probat

24 425 96 501 lore,
116 434 147 491 ὅτ
160 432 249 493 fuiffet
262 434 388 507 fortalle,
407 437 458 496 nifi
470 436 590 514 quadarn
604 453 639 493 ex
652 453 742 511 pugna
756 432 885 513 'coepillet
894 433 948 479 MS.

24 504 68 567 'uis
82 509 209 568 militibus
230 508 378 570 confidere.
416 514 461 571 Ex
481 531 517 572 eo
538 525 666 587 temporo
687 512 727 569 vir
747 512 790 571 ille
810 512 883 571 sum·

24 600 98 654 nus,
117 587 221 645 ⁵nullus
235 589 385 675 imperator
398 589 458 648 fuit.
497 589 579 664 Signa
598 588 689 646 tirone
710 588 740 645 &
760 586 903 660 collem-,³
918 585 1006 660 nullipx

24 660 64 718 :io
79 664 201 721 exercitu
215 660 446 740 cumlegionibus
459 663 642 724 robustiffimis
657 663 780 721 contulit.
796 664 882 722 vietus
891 663 983 713 ’ΨΜ

24 736 290 812 urpissimb‚amifiis
304 743 387 799 etiarn
402 741 505 810 castris,
525 741 594 800 solus
608 739 685 815 fugit.
724 740 810 798 Hunc
830 758 883 816 ego
892 716 947 762 MS·
967 778 971 783 -

24 812 79 871 ›elli
93 815 162 873 mihi
181 814 267 875 finem
289 817 358 876 feci:
380 823 448 877 tnec
468 819 578 893 putavi,
598 814 663 874 clim
683 815 781 950 integfii
808 834 902 890 parest
919 822 1035 877 haeres:

24 904 77 947 ton
90 888 248 962 fuissemus,
268 893 367 953 stadios
387 894 535 971 superiores
556 895 625 951 fore.
662 891 754 950 Discel
791 893 884 967 abeo

24 964 106 1035 selo,
126 967 155 1026 in
176 987 234 1045 quo
255 981 302 1027 aut
321 970 350 1029 in
369 972 428 1030 acie
449 969 603 1029 cadendum
626 968 701 1038 fuit,
720 981 767 1027 aut
786 967 816 1026 in
836 970 885 1028 ali«

24 1056 84 1117 quas
97 1042 203 1103 infidias
216 1046 396 1105 incidendum
410 1090 420 1119 ,
439 1058 487 1105 aut
500 1044 705 1105 deveniendum
726 1045 755 1103 in
774 1044 885 1105 villaris

24 1135 133 1190 nanus,
153 1122 248 1180 autad
263 1133 289 1175 ³²
298 1123 397 1195 Jubam
411 1122 631 1199 confugiendum
646 1163 655 1191 ,
675 1132 721 1178 aut
736 1120 883 1196 capiendus

24 1211 163 1272 :amquam
177 1196 270 1257 exsilio
283 1198 377 1268 locus,
397 1210 444 1257 aut
457 1197 646 1258 consciscenda
662 1215 737 1257 mors
757 1193 887 1257 volunta·

24 1264 64 1329 ia.
103 1268 208 1332 *cene
228 1274 296 1335 nihil
317 1277 369 1333 fuit
386 1274 547 1362 praeterea,
566 1273 587 1333 fi
606 1286 634 1332 te
656 1266 754 1333 victori
775 1271 994 1347 nolles,v0m1
1032 1334 1037 1341 ,

24 1358 65 1405 tut
76 1366 137 1407 non
150 1350 262 1409 auderes
287 1364 470 1413 committere.
508 1351 552 1409 Ex
571 1350 699 1409 omnibus
719 1362 812 1408 autem
833 1352 863 1409 iis
878 1333 949 1422 ,Μ’
985 1390 988 1397 ·
1027 1390 1038 1397 -

24 1440 83 1511 puae
98 1424 171 1495 dixi,
190 1427 401 1499 incommodis,
420 1429 488 1487 nihil
502 1426 665 1487 tolerabilius
680 1426 772 1485 exfilio
788 1469 797 1495 ,
816 1445 887 1503 prae·

26 1501 110 1559 ettim
124 1502 289 1563 innocenti:
310 1505 356 1562 ubi
370 1504 442 1564 nulla
456 1504 584 1581 adjuncta
604 1502 642 1561 eil
661 1500 818 1592 turpitudo:
838 1505 886 1564 ad-

24 1574 55 1635 lo
69 1578 172 1648 etiam,
192 1574 256 1638 clim
271 1599 303 1639 ea
317 1582 383 1640 urbe
396 1599 509 1651 careas,
528 1581 557 1639 in
577 1597 632 1657 qua
652 1580 719 1639 nilnl
739 1579 787 1649 stt,
807 1582 884 1658 quod
934 1646 938 1653 ,

24 1646 112 1713 ridere
126 1652 207 1731 possls
220 1654 277 1714 stne
292 1657 396 1717 dolore.
423 1656 486 1734 Ego
500 1675 565 1717 cum
580 1659 671 1714 ¹meis
687 1656 718 1730 (si
730 1657 907 1735 quidquam:
923 1674 1037 1737 ebrias:

24 1746 94 1807 rupe
114 1731 273 1812 cujusquam
294 1733 343 1809 est)
363 1735 447 1793 etiarn
466 1736 495 1793 in
516 1731 584 1805 meis
604 1727 658 1790 elle
679 1730 770 1792 malui.
809 1737 884 1811 Quae

24 1806 192 1878 reciderunt,
212 1811 307 1868 omnia
327 1810 404 1871 adini
423 1810 521 1869 fututa.
560 1810 635 1868 Veni
662 1808 804 1878 domum,
823 1810 1019 1873 noallttd'ssi

24 1880 76 1958 pud
91 1887 196 1960 optima
211 1882 323 1945 vivendi
337 1886 460 1946 conditio
482 1883 546 1945 effet
562 1907 568 1944 :
588 1887 633 1945 sed
654 1896 764 1955 tamen,
784 1875 945 1946 fieffetMS·

24 1958 107 2035 tliqua
122 1963 232 2021 ²forma
248 1964 402 2038 reipublicae
417 2004 425 2031 ,
444 1976 588 2040 tamquam
602 1964 631 2021 in
645 1964 728 2037 patria
742 1956 864 2022 utetsem
874 1984 880 2023 :
891 1979 906 2010 z
919 1965 965 2010 alii

24 2033 38 2092 l
58 2037 150 2107 nulla,
169 2053 312 2117 tamquam
326 2041 355 2098 in
369 2037 471 2098 exfilio.
510 2041 636 2097 Mortem
658 2039 726 2097 mihi
747 2050 795 2096 cut
815 2023 998 2098 con-smum·

24 2108 174 2185 Yciscerem,
195 2117 272 2175 caula
292 2116 364 2174 nulla
390 2113 445 2173 visa
466 2116 524 2174 est:
545 2134 593 2174 cur
618 2128 767 2191 optarem,
787 2116 883 2177 m'ultae

24 2188 134 2250 ¹causae.
173 2193 262 2251 Vetus
276 2193 313 2251 est
327 2197 418 2262 enim,
437 2188 505 2252 bubi
519 2211 576 2252 non
591 2192 623 2251 sis
637 2194 684 2269 qui
705 2193 803 2262 fueris,
821 2204 904 2253 nona
919 2192 992 2244 causz

24 2260 72 2323 else
87 2284 135 2326 cur
149 2269 215 2328 velis
229 2271 330 2329 vivere.
351 2269 404 2331 Sed
418 2280 512 2329 tamen
526 2288 622 2329 vacare
637 2270 732 2345 culpa,
746 2286 879 2345 magnum
888 2255 963 2365 224⁴

24 2338 55 2398 :st
67 2339 193 2404 solatium
203 2350 215 2405 ¹:
236 2348 384 2422 praesertim
398 2345 482 2405 cclun
495 2347 612 2406 habeam
626 2344 693 2405 duas
706 2362 764 2415 tes,
784 2348 904 2426 quibusb
918 2355 968 2432 urbi

24 2408 86 2505 ¹‘me
99 2418 261 2492 sustentem;
281 2424 449 2500 optimarum
463 2425 562 2483 uuum
581 2424 745 2492 scientiam,
765 2425 795 2481 bc
822 2441 941 2492 ma-mm
956 2418 1015 2501 ads,

24 2510 155 2563 umarum
170 2518 261 2558 rerum
273 2501 405 2577 gloriam:
419 2518 536 2577 quarum
548 2499 631 2559 altera
645 2500 714 2559 mihi
726 2500 883 2559 vivonum-
910 2556 912 2561 ,
925 2512 947 2557 1³.
964 2515 991 2561 u.

24 2584 103 2659 quam
119 2575 262 2649 eripietur3
283 2578 365 2636 altera
378 2594 414 2635 ne
429 2588 542 2636 mortuo
557 2577 679 2653 quidem.
718 2577 792 2633 Haec
805 2575 840 2633 ad
853 2583 903 2633 tec
918 2572 976 2634 qnid

24 2647 104 2724 cripfi
131 2651 291 2721 verbosius,
317 2655 347 2712 ὃς
367 2654 417 2712 tibi
430 2652 578 2712 emolestus
593 2654 650 2723 fui,
670 2650 747 2729 quod
765 2665 794 2708 te
815 2634 1004 2746 citmflufdffi

24 2725 97 2794 nei,
116 2737 178 2785 tum
199 2730 354 2804 reipublicae
374 2731 497 2804 cognovi
509 2730 730 2791 amantillimutn.
769 2727 878 2787 Notum
887 2711 1005 2810 deffistenss

25 2799 64 2858 ibi
79 2819 166 2881 omne
180 2824 276 2864 meum
297 2802 440 2865 confilium
461 2800 514 2865 else
535 2806 634 2875 volui,
653 2820 685 2863 ut
698 2801 818 2879 primum
831 2800 881 2864 sci·
887 2832 928 2869 ter.
943 2826 1013 2877 Idem.

24 2893 74 2948 es,
95 2897 143 2938 me
174 2900 328 2960 numquam
361 2879 475 2950 voluiise
506 2881 565 2958 plus
591 2898 761 2958 quemquam
786 2874 1029 3016 pobe'ltibbobboa

799 2972 885 3035 quam
949 2982 957 3005 ·

890 3014 943 3061 MS.

49 3134 87 3177 32.
104 3122 203 3182 Jutama
219 3123 366 3200 Mauritania
375 3134 474 3198 regem,
490 3119 520 3171 ad
530 3130 603 3198 quem
613 3120 689 3188 Scipio
698 3156 711 3196 ³.
722 3118 828 3184 Pompeii
844 3118 883 3168 so-

24 3200 97 3298 blidas
101 3187 188 3309 Fabri?
189 3188 326 3309 ljaebssalffl
332 3183 728 3311 abitgbbuabltluaabbnubbbbbmegnssgelrl?
729 3185 883 3310 3123qu

24 3318 92 3371 nori,
108 3318 146 3362 vel
155 3333 202 3360 cum
214 3315 288 3378 spe,fi
302 3333 341 3360 non
352 3318 448 3376 optima,
464 3327 487 3359 ar
501 3315 577 3376 aliqua
592 3326 674 3384 tamen,
685 3315 768 3358 vivere.
782 3312 832 3383 'Hic
847 3304 882 3359 est

24 3378 57 3429 lle
67 3375 145 3445 Juba,
160 3375 190 3426 de
202 3394 251 3443 quo
262 3375 339 3426 Caesar
355 3374 520 3441 triumphavit,
536 3372 628 3437 ejusque
638 3373 713 3423 filium
725 3408 732 3430 ‚
748 3386 789 3438 qui
799 3370 881 3438 postea

24 3456 79 3493 ntet
87 3441 209 3517 scriptores
219 3440 364 3490 doctissimus
374 3474 382 3498 ,
393 3450 419 3488 ut
432 3440 464 3489 ait
475 3438 627 3494 Plutarchus,
641 3446 821 3486 connumeratus
832 3434 880 3493 ert,

24 3507 43 3555 lt
53 3506 84 3556 ad
96 3510 183 3563 Catum
193 3510 230 3553 Au
282 3503 394 3559 ifilium,
409 3501 466 3551 telle
476 3500 553 3549 Plinio
564 3535 572 3557 ,
587 3498 617 3548 de
627 3498 717 3549 Arabiae
726 3496 793 3549 rebus
806 3497 881 3549 libros

24 3566 168 3634 :obscripfim
183 3569 228 3622 lat
248 3564 457 3632 mirabundam,
473 3562 605 3661 aqudum
616 3562 742 3641 ituantem.
759 3565 883 3680 3⁹anss
