2272 4020
907 39 1124 47 ———-

224 174 415 239 Littera
457 176 768 259 Quantus.
878 191 936 259 199

58 286 210 364 spedlatus,
230 306 324 365 neque
336 288 425 347 solum
440 291 536 359 nobis,
554 289 651 357 idest,
671 292 746 359 tuis,
765 288 812 348 sed
831 288 936 364 prorsus

60 366 198 424 omnibus.
238 366 325 425 Venit
338 366 415 426 enirn
436 368 504 425 milri
525 367 555 424 in
576 378 726 435 mentem,
745 365 880 425 subvereri
893 366 936 424 in·

60 440 188 512 terdum,
208 460 244 501 nc
258 454 286 500 te
300 441 419 500 delectet
438 442 514 502 tarda
534 441 683 500 rdeceffio.
722 441 809 517 Quod
832 441 852 500 fi
872 442 959 503 nul-P
975 438 1070 492 utnus-

59 517 119 577 lun
133 520 246 577 haberer
260 518 383 588 sensum,
403 520 452 578 nist
460 519 605 578 oculorum
615 518 735 594 ‚prorsus
748 519 797 576 tibi
810 517 932 592 ignosce·
942 501 1021 554 ‘⁶¹5⁰‘

60 611 142 665 rem,
161 594 330 729 fifflwsdm
343 595 431 655 nolles
452 595 553 656 uidere.
578 596 624 654 sed
639 636 648 664 ,
665 594 731 653 clim
751 594 855 652 leviora
875 614 935 657 non

62 671 186 730 multoe
208 684 276 741 ent,
296 689 360 747 quae
374 672 548 741 audirentur,
567 670 653 749 quim
667 691 731 749 quae
751 670 908 729 viderentur
924 692 933 729 ε

60 745 205 823 suspicarer
218 760 331 817 autem,
351 748 469 808 inultiun
491 747 615 808 interelle
636 749 675 806 rei
695 748 832 807 familiaris
853 759 935 818 tuae,

59 833 89 880 te
102 822 188 899 qudrn
203 824 325 901 primum
339 827 435 884 venire
452 871 460 896 ‚
479 826 563 903 idque
584 824 613 867 80
621 827 650 883 in
665 844 763 884 omnes
784 835 872 899 partes
886 842 935 882 va·

59 899 128 958 leret
145 923 155 969 ;
176 903 294 976 putavi,
315 920 347 960 ea
368 902 403 960 de
424 922 453 961 re
474 914 512 961 te·
524 899 577 961 elle
598 902 817 961 admonendum.
836 898 840 907 '
856 899 936 969 Sed,

58 976 194 1053 quoniam
211 977 289 1055 quod
312 979 381 1037 mihi
402 979 544 1054 placeret,
563 978 690 1037 ostendi:
712 980 814 1053 reliqua
834 988 865 1034 tu
884 994 936 1051 pro

57 1062 106 1110 tua
134 1053 277 1128 prudentia
298 1054 487 1114 confiderabis.
533 1057 585 1114 Me
611 1068 707 1113 tamen
728 1056 837 1122 velim,
857 1051 936 1129 quod

59 1128 97 1189 ad
109 1139 218 1208 tempus
231 1143 259 1192 te
275 1131 480 1208 exspectemus,
500 1134 647 1192 certiorem
662 1132 751 1190 facias.
770 1131 851 1189 Vale.

325 1298 588 1347 EPISTOLA
622 1299 666 1345 xi.

93 1424 184 1471 ΛΚΕ.
214 1423 301 1484 Desara
317 1423 391 1470 reditu
406 1439 420 1469 a
437 1424 512 1484 (ψη
538 1427 649 1486 impetrato
666 1423 784 1469 Marcellus
801 1438 813 1468 e
830 1422 933 1468 Ciceronis
981 1444 984 1449 ·

60 1484 141 1531 lirreris
154 1498 281 1547 cognoverat.
299 1503 353 1533 nunc
365 1486 389 1547 se
407 1500 533 1535 commotum
549 1488 650 1534 ciceronis
662 1487 809 1539 auilorirate,
825 1486 855 1531 ad
872 1486 931 1531 redi·

60 1558 110 1593 tum
131 1560 250 1610 magnopere
268 1551 413 1605 cohortantis,
432 1550 544 1609 exfirlondi
562 1550 670 1614 confilium
687 1548 779 1609 adiecisse
787 1546 934 1606 demonstrat:

61 1610 147 1673 quando
166 1625 236 1657 ramm
248 1612 272 1671 se
289 1613 380 1658 daturus
398 1615 422 1658 in
443 1616 507 1660 viam
516 1614 565 1671 fit,
596 1631 635 1659 non
654 1611 765 1672 fignificat.
799 1613 844 1664 [Α.
861 1614 889 1658 V.
901 1613 934 1659 C.

66 1675 202 1732 Dccvm
217 1679 286 1723 Hanc
296 1672 406 1739 precellit
418 1689 455 1739 ep.
465 1684 487 1725 6.
505 1674 599 1727 Lib.v1.
615 1673 716 1739 sequitur
725 1689 761 1738 ep.
770 1681 806 1721 2⁸.
822 1671 921 1721 riuvu.

137 1823 181 1881 M.
200 1820 446 1883 MARCELLUS
480 1826 524 1884 Μ.
545 1823 736 1883 CICERONI
760 1812 796 1893 ,Si
813 1823 852 1882 D.
920 1818 923 1825 '

112 1961 271 2020 Luutnu
281 1984 302 2020 n
316 1960 428 2021 ualuitle
448 1962 520 2039 apud
540 1979 588 2020 me
601 1974 678 2038 tuam
698 1961 805 2037 semper
818 1961 936 2022 austori-

124 2050 227 2108 tatem‚
247 2038 312 2097 ciam
326 2040 355 2097 in
369 2040 450 2098 omni
464 2057 511 2108 re,
524 2049 585 2097 tum
599 2041 629 2097 in
642 2040 699 2097 hoc
713 2037 835 2096 maxime
848 2056 935 2114 nego·

63 2114 107 2173 tio
122 2157 131 2183 ‚
150 2127 229 2189 potes
244 2115 403 2175 existimare.
443 2115 518 2175 curn
531 2115 601 2175 mihi
616 2115 649 2174 C.
663 2114 810 2173 Marcellus
825 2157 834 2183 ,
854 2116 935 2173 frater

65 2192 262 2250 amantissimus
276 2192 350 2262 mei,
369 2211 429 2251 non
442 2190 530 2251 solum
545 2190 796 2259 confiliumdaret,
814 2189 860 2249 sed
875 2207 937 2265 pre·

66 2265 143 2325 cibus
157 2285 270 2345 quoque
292 2288 339 2328 me
353 2266 548 2329 roblecraret:
568 2287 628 2328 non
648 2267 719 2345 prius
739 2268 809 2327 mihi
828 2266 1082 2345 persua-‘l‘3110l21et

62 2341 132 2400 dere
145 2346 251 2417 potuit,
270 2346 356 2423 qulrn
377 2348 430 2405 tuis
449 2345 487 2405 est
505 2344 638 2405 effectum
656 2344 750 2405 litteris
765 2388 775 2414 ,
793 2356 824 2403 ut
843 2354 934 2402 uterer
941 2325 993 2370 Ml·
1077 2341 1084 2355 '

63 2417 158 2477 vestro
186 2422 354 2493 potiffimirm
381 2422 504 2482 consilio.
548 2423 604 2480 Res
635 2420 874 2499 quemadmodum
902 2418 934 2479 fit
977 2419 1001 2466 Ρ·
1018 2420 1046 2467 Β·

64 2495 146 2562 aeta,
167 2496 260 2553 vestrae
273 2499 371 2559 litterae
384 2500 453 2573 mihi
466 2498 611 2558 declarant.
649 2498 802 2557 Gratulatio
813 2509 861 2554 tua
869 2540 878 2565 ,
887 2495 935 2554 ern

66 2571 107 2629 est
123 2571 191 2627 milii
204 2573 384 2646 probatiillma
399 2619 408 2645 ‚
427 2575 506 2652 quod
518 2574 570 2633 ltab
585 2576 694 2653 optimo
707 2573 738 2632 fit
758 2575 853 2632 animo
868 2593 874 2631 ι
895 2584 954 2631 tat
971 2573 1015 2619 atu
1024 2591 1065 2619 non

66 2664 138 2707 men
151 2648 207 2705 hoc
221 2649 290 2706 mihi
302 2652 391 2709 multo
400 2650 548 2727 jucundius
562 2651 616 2722 est,
636 2653 667 2710 δί
680 2651 795 2726 gratius,
815 2648 893 2725 quod
906 2636 1013 2707 innarenn
1030 2635 1066 2685 ab.

68 2725 179 2784 summa
205 2724 340 2798 paucitate
367 2726 545 2796 arnicorum,
570 2729 791 2805 propinquorum
817 2737 867 2783 ⁸ac
886 2742 953 2783 ne-s
970 2745 996 2778 ac
1016 2728 1074 2790 deest«

68 2797 264 2870 cellariorum,
284 2804 334 2889 qui
346 2800 412 2859 vere
424 2820 498 2861 meae
509 2802 587 2862 saluti
600 2806 740 2872 faverent,
760 2814 788 2860 te
802 2801 937 2878 cupidisfi·
946 2797 969 2841 ¹³¹
980 2794 1032 2843 MS·

70 2895 152 2936 mum
168 2881 248 2949 mei,
267 2877 486 2955 singularemque
505 2878 575 2939 mihi
600 2880 818 2941 benivolentiam
838 2878 942 2955 praesti·

69 2952 130 3012 tiise
157 2958 287 3030 cognovi.
326 2956 443 3033 Reliqua
469 2954 531 3015 sunt
554 2954 690 3033 ejusmodi
711 3000 720 3027 ,
740 2956 836 3032 quibus
857 2972 943 3029 ego,

72 3030 207 3106 quoniam
220 3034 283 3092 ltaec
297 3045 375 3093 erant
394 3043 548 3107 tempora,
568 3030 671 3103 facile,
691 3034 721 3093 &
742 3049 826 3109 aequo
847 3033 944 3089 animo

900 3122 946 3165 ca-

106 3256 145 3296 80.
161 3252 187 3293 In
205 3266 273 3297 omnes
292 3257 389 3316 parter]
418 3247 457 3298 Ad
478 3247 567 3297 omnin.
589 3260 668 3313 ut'ep.
686 3256 708 3296 6.
731 3246 771 3294 lib.
789 3259 821 3295 Π.
847 3242 877 3292 ad
893 3246 945 3296 nrt.

74 3311 187 3368 Brundrfii
198 3316 282 3372 jacere,
295 3320 318 3362 in
332 3330 402 3362 omnes
414 3325 486 3376 partes
502 3311 617 3370 molestum.
643 3315 674 3361 Et
690 3311 716 3357 in
726 3306 825 3373 epistola
839 3307 946 3375 liminii,

73 3375 114 3424 lib.
126 3389 148 3423 ν.
168 3378 207 3421 Me
216 3377 259 3423 tibi
271 3381 293 3423 in
306 3394 375 3425 amnes
389 3390 461 3440 parter
478 3374 633 3434 defendendum
640 3382 708 3437 putes.
723 3371 875 3419 Contrarium
885 3368 946 3419 illud

33 3448 36 3455 ’
72 3435 137 3501 epist.
152 3455 188 3485 10.
215 3438 245 3490 ad
262 3444 313 3499 Δεῖ,
330 3440 446 3499 lib-1111.
476 3444 522 3489 Hoc
538 3437 624 3484 nullam
638 3437 763 3503 adfatim
779 3435 841 3487 vaiet
854 3434 964 3498 scilicet„

71 3505 97 3558 ι’.
117 3504 214 3561 Manu,
306 3508 314 3519 ⁹
544 3516 552 3524 ’

538 3570 562 3616 N
576 3581 594 3625 4
851 3568 888 3613 80.
905 3559 951 3606 Hoc
