2272 4020
14 46 25 93 r

186 128 382 199 Lraru
425 114 758 207 strennuus.
881 156 920 221 7r

55 260 134 335 quam
150 254 296 333 tuorum,
315 252 466 387 quid‘quam
484 266 513 313 te
531 255 639 314 absente
664 256 739 326 sieri,
758 252 837 332 quod
855 254 923 325 tibi,

21 384 25 389 ,
61 320 264 394 commisce,
284 345 372 387 none
394 342 421 388 ct
433 333 579 406 integrum.
602 332 773 410 ¹7Equidem
787 330 854 407 quid
861 330 921 389 sen-

14 468 18 491 .
60 398 117 457 tiam
124 424 137 469 ,·
152 410 202 458 aut
216 400 330 487 scribam
345 405 380 463 ad
391 419 419 464 te
432 407 524 483 postca
545 409 686 484 pluribus,
709 406 734 449 ¹⁸
748 420 811 477 aut,
830 425 866 465 ne
885 407 921 467 ad

60 490 115 533 erm
145 476 301 563 meditere,
320 480 484 557 imparatum
517 496 545 541 te
577 483 721 545 offendam
741 529 750 554 ,
769 501 920 559 coramque

60 559 182 611 ¹’contra
202 552 281 613 istam
301 558 461 631 rationem,
481 578 573 619 meam
594 560 707 621 dicam:
726 575 758 619 ut
777 572 823 619 aut
842 572 870 618 te
890 560 920 618 in

59 634 161 714 ‘meam
174 628 338 691 sententiam
357 634 514 695 adducam:
541 650 587 696 aut
608 636 682 696 certe
700 637 828 696 testatum
847 635 939 711 apuds
966 644 1069 700 nostram

61 719 176 763 animum
189 718 271 766 tuum
284 711 454 786 relinquam,
473 713 540 790 quid
551 714 693 773 senserim:
713 726 762 783 ut,
775 712 796 771 fi
809 711 920 789 quando
928 710 999 760 MSS.

60 778 141 859 (quod
160 782 263 861 nolim)
283 798 313 829 ²0
322 786 459 862 displicere
473 792 521 851 tibi
535 788 678 851 consilium
691 804 773 850 tuum
788 788 923 924 coeperqqi}
960 803 1054 855 nm.

14 880 18 888 .
842 883 880 940 po

14 984 21 1025 '.
65 992 123 1047 initia
132 998 212 1071 omnia
223 1001 392 1067 epistolatum,
426 1022 460 1057 uae
471 1021 501 1055 eo
510 1006 631 1055 volumine
641 1007 804 1060 continentur,
820 1018 875 1053 cum
887 1005 919 1053 ti·

14 1092 20 1101 -
65 1058 319 1132 &pemmonem
329 1070 371 1133 qui
381 1021 492 1127 sciderint,
509 1072 534 1118 δι
548 1070 578 1117 ad
593 1085 652 1133 quos
668 1067 740 1120 misse
756 1067 824 1125 sunt,
846 1066 919 1116 utfa-

14 1168 21 1177 .
66 1121 141 1195 01¹⁸)
154 1124 244 1198 πρᾶο,
259 1130 334 1180 lector
344 1134 450 1183 invenire
460 1128 535 1198 posset
549 1147 606 1196 quas
620 1136 712 1191 vellet,
728 1129 832 1182 indicem
848 1131 918 1180 illum

14 1213 17 1239 ;
68 1180 151 1247 'sime
176 1204 203 1235 11¹
217 1204 267 1254 quo
282 1191 313 1241 fic
330 1194 364 1243 cst
379 1199 414 1247 Μ
427 1202 493 1244 Cicero
510 1198 533 1244 S.
551 1202 582 1244 D.
601 1202 692 1245 Cere'enr'.
727 1202 791 1261 ‘Rupe
799 1196 920 1255 stude'eem,

14 1248 24 1268 ³
68 1250 137 1307 Qum
144 1262 203 1313 puto
211 1251 259 1302 esse
268 1254 383 1305 sinceram
394 1292 401 1314 ,
418 1261 443 1308 &
454 1260 614 1331 incorruptam
624 1253 760 1308 lectionem.
777 1265 840 1320 Rupe
851 1259 918 1305 enim

70 1324 149 1383 tomen
161 1308 206 1362 effe
215 1316 315 1366 arbitror
326 1320 403 1369 liberti
419 1319 488 1386 ipfius
504 1322 632 1377 Curronis,
654 1336 726 1386 quern
735 1320 775 1368 ille
788 1335 841 1368 cum
851 1334 922 1368 man-

69 1372 119 1421 &ss
130 1378 236 1428 Romam
245 1379 356 1440 miserat,
373 1398 473 1448 quorum
482 1399 556 1432 unum
572 1383 665 1441 firerat,
681 1397 707 1431 ut
725 1383 851 1431 declararet
869 1397 923 1430 mu-

40 1498 43 1505 ·
69 1450 115 1509 peta
124 1435 164 1487 suo
176 1443 294 1491 nomine:
311 1445 441 1508 quodcum
458 1446 487 1496 ab
503 1445 639 1495 cosanum
653 1462 704 1494 non
720 1442 816 1502 firisset,
832 1442 924 1493 exorsae

14 1542 27 1569 ,
70 1499 126 1551 llum
138 1516 204 1573 nunc
218 1507 303 1555 cicero
318 1541 325 1562 ,
341 1508 457 1573 docetque
471 1524 512 1574 per
528 1516 613 1575 lqnpam
630 1526 680 1558 non
694 1506 779 1557 stetisse
796 1508 925 1572 quominus

16 1608 27 1619 .
71 1562 126 1673 arrd
137 1579 279 1629 unperatum
295 1584 361 1628 erat,
377 1570 482 1621 faceret:
504 1571 621 1621 summum
641 1573 707 1620 enim
721 1573 746 1618 in
761 1571 804 1621 illo
821 1570 924 1619 studium

16 1622 34 1692 §.¹
91 1627 97 1637 '
113 1641 139 1685 e,
154 1640 181 1675 ut
190 1630 214 1677 id
225 1634 350 1697 negotium
359 1635 523 1684 conficeretur:
539 1633 562 1683 se
572 1648 667 1692 tamen,
684 1634 789 1696 aliosque
801 1631 852 1681 suos
863 1648 922 1681 corr·
944 1662 948 1669 ·

17 1738 28 1756 ,.
70 1682 119 1737 fito
132 1692 280 1765 impedivisle
294 1728 303 1752 ,
317 1708 343 1744 ut
360 1697 440 1762 postea
455 1711 559 1747 accurate
574 1699 677 1762 exponit.
698 1698 809 1745 Victorius.
841 1702 923 1757 Quum

15 1797 28 1819 ,Ι
69 1751 313 1819 meescrrptumesset
324 1766 400 1823 Nempe
411 1762 529 1821 studium,
553 1760 667 1809 torserunt
678 1758 701 1807 se
715 1758 761 1806 hoc
778 1759 832 1806 loco
847 1759 923 1822 expli-

14 1858 24 1881 .-
69 1826 158 1874 ΝΜ,
173 1819 267 1894 aliquid
276 1832 301 1867 ut
311 1824 440 1886 exprimere
445 1820 624 1887 possent,quod
635 1821 818 1871 consentaneum
832 1820 922 1868 videre-

16 1924 25 1944 „-
69 1886 104 1927 απ.
131 1884 160 1929 ln
175 1894 276 1948 antiquo
287 1884 443 1950 manuscripto
458 1886 569 1949 exemplo
585 1884 790 1933 animadvertimus
805 1882 861 1930 hinc
877 1897 923 1929 no-

15 1960 21 1967 ·
69 1950 114 1989 tum
130 1944 226 1993 atterius
240 1962 253 1994 e
269 1945 341 1994 islolae
356 1950 450 1997 initium
464 1948 537 2003 duci,
558 1950 583 1996 ἃ
604 1947 712 2011 scriptum
728 1953 799 2008 Nuper
812 1945 921 2005 stude'um.
999 1952 1007 1960 “

67 2002 172 2053 tittonue
182 2010 208 2058 δι
219 2009 243 2073 ip
253 2025 266 2057 e
276 2007 331 2057 hine
341 2025 430 2059 novam
441 2011 564 2121 qp'stolam
574 2009 662 2058 orditur
674 2042 681 2065 ,
699 2007 737 2056 sed
747 2015 811 2072 Rupe
822 2007 922 2065 studium

68 2070 147 2119 mire.
164 2070 224 2135 legit
239 2079 315 2121 canter.
349 2075 443 2122 solusl’
495 2074 582 2138 primus
596 2072 657 2120 hanc
671 2067 799 2119 lectionem
811 2070 922 2142 praesen:

69 2141 115 2178 mm
124 2143 176 2181 tert.
188 2137 213 2180 ed
225 2135 289 2197 snper
300 2136 397 2195 studium
411 2155 451 2183 non
466 2138 488 2186 el.
506 2140 573 2185 Grut.
586 2138 648 2197 super
658 2134 763 2193 studium.
780 2130 843 2181 Mire
858 2130 922 2180 hanc
1001 2136 1007 2153 ⁸

68 2190 125 2251 (mm
133 2195 251 2245 veriffima
260 2195 304 2259 est)
321 2199 443 2264 indagatus
452 2197 486 2247 est
497 2200 631 2256 Victorius,
647 2212 702 2245 eum
714 2195 801 2251 secuti,
823 2192 921 2242 Lambi-

66 2256 207 2321 nusaliique,
224 2258 374 2312 dtffimulant.
392 2262 470 2325 Vulgo
480 2260 575 2325 pessime
590 2279 596 2308 r
617 2274 687 2322 nempe
694 2259 790 2319 studium
800 2274 869 2305 meum
880 2275 923 2304 non

14 2342 23 2380 ς.
64 2317 131 2377 deferr.
148 2321 268 2373 Gebhard.
292 2328 401 2388 Propono
422 2323 490 2372 verba
509 2323 600 2374 illustris
617 2320 712 2388 Josephi
727 2321 855 2386 scaligeri,
872 2335 922 2369 cre·

14 2402 21 2440 J,
64 2376 114 2429 dens
122 2384 214 2450 negligi
222 2389 277 2448 quia
289 2386 362 2451 vulgo
372 2389 522 2453 ignorantur,
538 2387 568 2435 ad
580 2386 704 2435 catullum
715 2394 802 2440 carot.
826 2384 921 2439 [Larini

14 2450 18 2509 ζ
64 2454 145 2494 vetera
155 2460 209 2495 raro
221 2446 265 2496 ads
275 2447 372 2498 itabant.
401 2451 436 2498 Sic
450 2449 511 2513 apud
521 2453 663 2498 Ciceronem
673 2451 842 2511 Xenopeneejns,
859 2446 920 2510 apud

14 2522 17 2529 ’
62 2506 158 2557 crudem
167 2516 231 2576 ηιμ
264 2514 353 2569 nde'um,
369 2526 412 2575 pro
422 2517 506 2575 Rapta.
539 2512 614 2560 Rufus
626 2517 709 2560 erco
722 2511 868 2570 interpreter?
879 2510 920 2556 de·

61 2580 146 2619 torttrm
153 2571 237 2626 reule.
255 2576 338 2622 Lucius
348 2576 446 2633 neele]
461 2580 517 2637 Quae
528 2588 590 2626 certe
600 2574 651 2639 plus
659 2572 784 2629 illustrant,
801 2585 874 2635 quarn
884 2571 920 2620 ul·

58 2632 97 2681 lius
106 2632 162 2700 post
169 2637 219 2696 ejus
228 2650 321 2685 aetarenr
332 2649 401 2686 notre.
418 2641 511 2687 Gronov.

87 2713 122 2755 17.
141 2700 250 2762 Equidem
265 2702 318 2765 quid
330 2701 474 2760 sentiment
484 2702 595 2763 scribam]
626 2702 661 2750 Sic
672 2700 775 2764 optimus
786 2697 839 2748 cod.
851 2697 918 2747 Med.

59 2759 90 2809 Sic·
103 2761 180 2812 vatic.
195 2760 227 2811 fic
242 2764 356 2813 Victorius
372 2761 451 2814 edidit.
464 2766 531 2815 Grut.
549 2766 596 2815 Pal.
611 2778 662 2814 tert.
680 2764 775 2823 equidem
785 2764 918 2822 sententiam.

60 2822 163 2874 Stanecli.
185 2829 283 2891 equidm
293 2830 391 2888 sennium.
409 2839 476 2875 notat
501 2841 611 2893 preterea
626 2829 651 2877 in
669 2827 719 2875 aliis
735 2824 795 2875 binis
811 2822 854 2872 suis
871 2824 922 2887 legi

59 2886 210 2946 GulielmitIS,
226 2890 322 2953 quedem
334 2907 402 2936 meam
409 2891 539 2951 sententiam.
557 2888 635 2955 Vulgi>
647 2906 654 2937 r
670 2905 738 2936 meam
746 2889 831 2953 quidem
836 2889 919 2948 sentcn-

61 2952 108 2997 εἱσι
116 2964 157 2997 m
163 2953 264 3012 scribam.
281 2951 399 3003 Gebhard.

89 3022 121 3063 rt.
139 3020 197 3061 «teet
205 3032 230 3062 ne
239 3017 268 3061 ed
278 3022 321 3074 ea]
352 3017 386 3064 Sic
401 3016 544 3081 legendum,
560 3014 645 3065 scilicet
660 3016 744 3079 plura,
759 3028 810 3078 quae
824 3008 921 3060 scribere

59 3086 174 3186 ΕΜ,
192 3092 291 3143 quaeque
299 3077 418 3143 scripturus
429 3075 514 3135 effern,
530 3077 687 3128 sii'criberem.
721 3082 768 3125 Aut
780 3078 852 3123 etiam
868 3088 920 3121 non

89 3136 150 3187 'bam
163 3141 263 3203 quidde
278 3140 325 3191 istis
341 3141 473 3191 muneribus
488 3141 605 3199 sentiam,
626 3154 652 3188 ut
672 3141 751 3188 venias
767 3136 797 3184 ad
813 3150 860 3206 me·
867 3152 919 3184 non

58 3201 240 3265 premeditatus,
257 3220 308 3252 non
318 3217 507 3263 commentatus,
522 3219 566 3253 nec
577 3203 662 3252 habeas
671 3203 798 3268 quicquam
809 3202 919 3265 cogitati,

59 3276 103 3327 quo
111 3260 255 3315 sententiam
264 3281 345 3316 meam
354 3282 480 3333 oppugnes.
497 3268 520 3327 J.
528 3272 553 3317 F.
561 3271 654 3317 Gronov.
918 3268 923 3276 ⁶

89 3342 122 3381 ις.
138 3336 217 3376 ταωνι
227 3330 290 3388 estam
300 3334 420 3389 rationem]
446 3329 508 3378 Istud
517 3345 589 3394 genus
598 3328 747 3384 ambitionis,
763 3325 856 3392 plebem
865 3341 919 3376 mu-

58 3388 143 3439 neribus
153 3390 307 3442 demulcendi
321 3392 378 3457 quid
387 3392 446 3443 mihi
459 3391 580 3449 videatur,
590 3392 632 3441 tibi
642 3406 768 3466 exponam.
785 3394 853 3444 Idem.

82 3468 119 3505 ao.
135 3454 276 3523 Disple'cered
301 3459 368 3507 Putat
379 3455 595 3570 Cicuostttqm,
610 3468 636 3507 ut
647 3454 775 3520 aliquando
785 3457 917 3560 Curioneuten
