2272 4020
507 140 521 148 s

181 205 369 281 [ΑΒΗ
410 215 684 290 Sextum
801 246 860 313 329

30 342 72 394 tus
84 332 154 394 sum.
174 351 240 393 nam
252 332 384 403 Balbum,
403 333 496 410 postea
511 335 595 412 quim
609 349 640 395 tu
655 355 682 399 es
702 341 859 417 profestis,

30 430 57 470 »n
69 410 137 470 uidi.
162 412 243 470 tantis
255 409 360 487 pedum
374 409 512 472 doloribus
526 413 641 473 afficitur
655 457 664 485 ‚
684 429 715 474 ut
734 416 760 475 se
773 428 880 477 tcon-t
895 417 1008 471 conveni·

32 487 86 546 niti
106 488 184 546 nolit.
223 488 353 546 Omnino
372 486 413 545 de
436 500 496 547 tota
516 508 562 559 re,
582 503 613 547 ut
632 492 702 550 mibi
714 493 842 552 *videtur
868 500 893 533 ¹⁶
909 486 961 534 MS.
989 490 1006 498 ”

30 562 142 623 >ἰεῃῑ1ἰιε
152 564 272 637 faceres,
291 562 383 622 finon
403 582 516 625 curares.
542 566 620 642 quod
634 569 709 627 enim
724 588 759 627 eo
772 539 984 658 labordfflieris

30 637 103 718 'equi
116 641 172 710 Vis,
191 641 267 699 nullo
280 639 370 701 modo
389 637 442 702 affe
461 638 533 703 uste.
552 655 627 702 tanta
648 644 685 703 est
705 647 780 703 enim
803 649 866 706 inti-
937 646 943 672 '·

30 734 116 793 orum
144 716 318 786 multitudo,
344 728 375 774 ut
396 735 430 774 ex
478 719 496 776 's
522 720 617 796 aliquis
636 719 727 796 potius
754 721 862 793 effluat,

30 792 87 852 iim
102 810 180 852 novo
194 786 226 881 stt
238 793 340 880 aditus:
361 793 507 882 pracsertim
522 797 569 872 qui
583 797 650 856 nihil
660 798 773 885 afferat,
793 818 863 886 prac-

30 867 865 1023 ,f‘'Pillalilalbl,ifilltlffis‘libballlbz

30 964 261 1098 ddzidebimus,
280 1024 310 1083 in
323 1038 381 1099 quo
393 1020 425 1082 fit
439 1022 569 1100 nipedes.
589 1026 665 1087 aliter
677 1028 791 1108 quidem
806 1048 888 1164 nqnisr
904 1041 946 1096 trit

281 1117 301 1123 ”
691 1112 694 1120 “
778 1123 827 1174 mo
849 1118 930 1168 oles·

30 1273 84 1325 asar
99 1271 216 1330 ediderit,
230 1287 303 1323 nemo
318 1287 433 1338 umquam
447 1292 533 1324 munera
547 1280 652 1338 regionum
668 1277 709 1327 illa
724 1278 869 1344 appellaret,

30 1336 49 1385 fi
62 1339 147 1386 omitia
157 1353 196 1386 me
206 1336 299 1386 fallunt.
333 1334 430 1386 vocasse
440 1352 519 1388 autem
533 1357 599 1405 regem
613 1341 756 1407 quandoque
771 1344 868 1402 Ciceroy

30 1416 76 1458 un,
94 1416 166 1475 quem
178 1402 252 1448 Gtaeci
269 1402 367 1454 τύραννον
384 1398 484 1458 dicunt,
530 1403 643 1468 rspicuum
663 1404 715 1453 est:
736 1403 869 1455 undelibet
942 1423 946 1428 ·

30 1479 90 1512 eum
99 1480 126 1513 an
138 1465 252 1513 Oratione
260 1464 337 1526 prima
346 1476 428 1512 contra
439 1466 492 1520 Cat¹
529 1481 569 1515 ani
579 1466 721 1516 emendare:
737 1472 765 1517 Si
780 1473 804 1515 in
817 1473 870 1515 hunc

30 1528 222 1588 timadvertrffim,
244 1527 375 1582 crudeliter,
401 1545 440 1573 non
455 1533 532 1592 egregit
543 1530 629 1590 fatiunt
644 1531 681 1590 ff
695 1533 792 1581 dicerent.
824 1535 870 1578 Le·

30 1588 116 1639 aldum
125 1591 189 1639 enim
199 1587 245 1658 cst,
261 1589 287 1641 (5
302 1593 368 1651 regit,
383 1589 408 1638 id
418 1589 451 1638 est
466 1624 475 1648 ,
491 1598 626 1648 τυραννικῶς.
646 1598 714 1642 Hanc
724 1592 872 1659 scripturam,
942 1622 945 1639 ι

30 1666 49 1703 ta
53 1650 147 1718 sponte
161 1655 275 1718 planam,
291 1651 416 1701 confirmat
437 1655 561 1715 austqtitas
583 1655 669 1719 optimi
689 1656 797 1707 codicis:
825 1657 874 1706 vidi

30 1717 77 1765 nim
86 1716 173 1765 libnam
183 1716 265 1779 litteris
275 1714 440 1780 Longobatdis
455 1731 589 1779 exaratum,
622 1720 646 1767 ui
655 1718 790 1775 continebat
800 1718 874 1771 bisto-

31 1793 73 1829 am
84 1779 196 1835 Sallustii,
213 1779 238 1826 δι
253 1777 361 1842 quaedam
376 1781 514 1836 Ciceronis,
534 1781 559 1828 in
574 1783 615 1853 qui
631 1796 657 1827 us
672 1796 737 1831 etant
755 1784 874 1832 orationes

30 1858 48 1892 ae
59 1845 85 1892 in
95 1847 124 1892 L.
136 1842 279 1898 Catilinam,
295 1842 320 1889 in
332 1839 414 1906 quibus
423 1843 457 1890 ita
467 1843 594 1907 legebatur.¹
629 1846 704 1893 Vilior.

43 1914 81 1960 98.
94 1906 203 1968 *Aliquid
211 1905 344 1961 videbimus,
359 1909 383 1952 in
407 1922 433 1951 uo
439 1906 539 1967 Μαι]
554 1910 607 1954 Nos
618 1920 673 1954 cum
682 1908 784 1971 antiquis
793 1922 875 1956 erem·

30 1967 115 2019 laribus
125 1968 145 2027 s
151 1972 200 2014 ecies
211 1967 328 2030 legimus,
344 1967 368 2015 id
382 1921 433 2023 esi,
456 1966 557 2032 dignitas
574 1971 599 2017 δι
614 1967 723 2018 honestas
738 1971 832 2033 aliqua:
849 1982 875 2018 ut

29 1983 198 2080 dLentusum:
216 2035 259 2076 Hic
274 2047 322 2077 mee
337 2034 386 2077 vite
401 2031 472 2091 cursus
488 2031 574 2092 offlndit
588 2049 619 2078 ets
632 2031 718 2091 fortafft
734 2037 773 2096 qui
779 2033 876 2096 splendo-

30 2112 59 2143 ,νη
74 2096 100 2147 (φ
110 2095 199 2156 speciem
215 2095 279 2154 hujus
293 2095 343 2140 vt‘te
360 2097 480 2149 intuentur,
497 2097 540 2146 dac.
573 2096 646 2154 Hujus
663 2096 727 2142 vocis
745 2095 790 2142 hoc
805 2092 876 2159 figni-

31 2169 86 2207 catu
95 2157 196 2222 plutima
205 2155 313 2219 exempla
322 2154 392 2215 adjun
424 2171 486 2211 rem,
502 2154 544 2221 nisi¹
554 2169 606 2218 tam
616 2156 686 2205 obvia
695 2151 767 2204 essent
775 2191 782 2212 ,
789 2169 813 2209 ut
825 2159 878 2221 qui-

30 2222 50 2269 is
91 2216 213 2268 tscsacile
230 2221 333 2268 invenite
348 2234 381 2284 po
401 2232 431 2268 et.
463 2219 541 2267 Potius
557 2220 660 2267 conabor
676 2218 796 2271 historiam
810 2215 877 2281 bujds

30 2234 118 2349 piddlat
129 2296 158 2330 ex
169 2282 290 2333 nonnullis
300 2281 359 2341 locis
369 2282 399 2330 ad
411 2283 517 2330 Atticum
531 2281 658 2331 colleslam
672 2283 804 2346 explanare.
838 2288 877 2332 In-

30 2344 107 2401 nbant
118 2343 165 2393 boc
174 2358 281 2409 tempore
289 2344 351 2392 Ludi
358 2347 476 2403 Romani,
493 2340 669 2411 qui'magnifice
684 2343 773 2410 semper
787 2344 825 2394 edi
836 2344 882 2407 ‚so-¹

30 2410 53 2458 iti
63 2420 137 2457 eram.
171 2407 273 2473 Jamque
282 2407 357 2457 Cesar
368 2424 381 2456 e
391 2408 456 2457 bello
468 2421 551 2459 contra
561 2408 645 2457 liberos
655 2411 702 2465 Cn.
720 2409 826 2473 Pompeii
836 2424 878 2480 ge-

30 2471 55 2521 lo
65 2470 232 2528 reuertebatur,
249 2469 412 2535 scripseratque
422 2467 453 2520 ad
464 2472 571 2534 Lamiam
588 2469 610 2519 se
626 2483 680 2531 ante
695 2470 758 2536 diem
767 2472 884 2526 ludorum¹

30 2539 104 2582 tome
115 2533 231 2583 futurum:
248 2534 405 2598 nonnihilque
414 2531 436 2580 se
446 2547 622 2598 properaturum
632 2546 656 2581 ut
668 2533 727 2582 ludis
739 2533 792 2597 ipsis
807 2537 880 2583 inter·

30 2592 75 2647 sset
96 2629 105 2655 ,
126 2595 295 2662 mandaratque
311 2610 337 2644 ut
358 2596 387 2645 ad
403 2594 471 2644 ludos
487 2599 569 2643 omnia
583 2609 697 2660 pararent.
730 2595 879 2651 Desiderabat

30 2660 90 2726 gitur
98 2660 174 2722 Lepta
184 2658 225 2707 libi
238 2659 323 2708 horum
333 2657 443 2708 ludorum
454 2659 558 2722 aliquam
569 2654 715 2707 curationem
730 2659 790 2709 tradi
802 2675 808 2705 :
825 2673 880 2706 curn
979 2679 982 2683 ·

30 2720 149 2787 >ppioque
159 2725 184 2770 δι
202 2722 275 2770 Balbo
290 2721 319 2769 de
335 2736 363 2770 ea
374 2737 399 2770 re
412 2723 552 2769 Ciceronem
567 2735 636 2785 agere
654 2718 769 2769 volebat:
786 2723 882 2784 jamque

30 2787 120 2835 bonrum
131 2784 161 2832 ad
171 2784 269 2832 Balbum
278 2797 373 2851 propter
382 2784 428 2832 hoc
439 2785 561 2847 negotium
572 2798 626 2833 eum
643 2783 785 2846 perduxerat.
819 2787 883 2840 Rem

30 2861 100 2898 otam
110 2844 152 2896 fibi
163 2845 284 2909 displicere
296 2848 381 2913 Cicero
401 2847 444 2894 hac
462 2845 559 2956 epistola
573 2845 604 2895 ad
616 2850 717 2910 Leptam
728 2843 803 2895 scribit
815 2880 823 2903 ,
838 2863 882 2896 nec

30 2908 178 2969 aborandnm
191 2907 237 2957 elie
254 2912 279 2958 in
292 2924 321 2958 ea
337 2925 361 2977 re
376 2908 458 2958 docet:
485 2925 498 2956 e
514 2921 608 2966 tuanen,
624 2910 739 2973 quoniam
749 2922 801 2959 tam
813 2910 883 2959 valde

30 2973 61 3024 lle
71 2985 177 3036 cuperet,
192 2974 214 3020 ei
226 2974 275 3025 non
285 2969 419 3021 debiturum
444 2971 587 3029 ollioetur‚o
617 2986 714 3036 tamque
720 2971 841 3028 daturum,
857 2987 883 3021 ut

30 3032 39 3084 i
51 3035 142 3099 aliquid
154 3037 178 3083 in
188 3049 215 3082 ea
226 3034 358 3091 curatione,
371 2987 443 3098 quod
448 3034 552 3098 aliquem
568 3033 592 3100 sp
603 3035 716 3083 endotem
731 3035 829 3091 habeat,
845 3036 882 3082 in·

30 3099 96 3148 reniti
111 3096 198 3162 possit,
216 3097 244 3144 ab
259 3098 306 3153 illis
326 3099 452 3160 impetret,
472 3110 498 3145 ut
511 3101 590 3161 Leptae
609 3100 743 3146 committat
772 3135 778 3147 .
810 3097 881 3157 Quod

30 3175 102 3211 tutem
112 3163 150 3209 bic
160 3160 189 3207 dc
199 3159 247 3208 hos
258 3162 300 3208 itio
310 3158 431 3230 loquitur:
447 3166 476 3207 'co
494 3158 566 3209 'tabat
582 3159 677 3209 obviam
692 3162 724 3208 ire
737 3160 838 3216 Caesari,
855 3162 881 3209 bc

30 3225 122 3290 iospitia
131 3221 172 3272 sibi
183 3176 284 3286 parasat.
318 3227 383 3271 Nam
392 3222 464 3289 etiam
484 3221 601 3273 ibroxrir.
618 3222 648 3273 ad
658 3225 778 3287 Atticum,
793 3221 883 3272 dicitse

30 3286 52 3336 td
69 3291 201 3336 Muraenam
215 3284 245 3334 de
258 3280 358 3349 hospitio
368 3280 494 3349 scripsisse,
514 3285 552 3334 sed
566 3300 622 3334 tunc
636 3290 720 3334 Rome
734 3298 782 3334 etat
797 3302 803 3333 :
820 3299 883 3334 nunc

30 3349 119 3401 r'ottasse
136 3351 185 3413 jam
199 3353 304 3396 exierat:
329 3347 384 3398 dicit
402 3345 467 3396 enlin
483 3350 506 3410 fe
526 3349 630 3396 arbitrari
644 3347 732 3406 Astera
742 3348 786 3407 fibi
801 3350 884 3397 diutius

30 3414 193 3462 *enarrandum
206 3413 260 3472 effe,
275 3412 347 3476 quoad
359 3413 397 3458 illc
411 3411 532 3475 quandoque
553 3416 640 3458 veniat:
657 3413 695 3456 ille
709 3424 788 3461 autem
799 3409 883 3472 Cacsar,

30 3480 76 3525 ren·
86 3477 177 3538 ἱξοχήν·
192 3473 222 3522 sic
233 3476 298 3523 enim
306 3476 336 3524 de
346 3473 552 3537 magnis&clatis
568 3475 622 3527 vitis
638 3473 706 3539 loqui¹
720 3490 774 3523 mos
792 3473 843 3531 est,
858 3489 883 3522 ur
969 3482 973 3495 ¹
1055 3516 1061 3523 .

30 3552 67 3608 tos
76 3535 144 3605 supra
153 3535 324 3590 adnotavimus.
341 3539 466 3597 libanum,
483 3535 558 3650 &Xipfi
574 3536 618 3602 pto
633 3536 769 3592 notniuibus
785 3538 884 3648 propris?
