2272 4020
210 111 283 193 :2144
359 101 620 175 Bursaonum
649 106 699 165 uo
726 93 942 167 eremorum

215 227 275 277 tom
295 215 344 277 tibi
363 220 430 289 erit,
449 217 555 296 siquid
575 211 883 301 volueris,gratifica1i.
903 214 1063 302 nemocuii
1098 234 1104 295 ’ς

213 294 410 355 necessitudine
436 297 466 354 δε
494 295 613 354 amicitia
637 305 667 351 te
693 291 855 351 deterritum
876 290 914 350 ab
932 291 1065 378 offpcrodi
1097 309 1104 369 1

211 382 265 429 cet.
304 371 373 431 lllud
387 373 456 431 milri
469 372 611 441 occurrit,
630 367 707 446 quod
727 368 797 431 inter
812 366 1067 457 ⁷0p0stulatuoucua.
1100 403 1104 445 t

210 446 242 505 δε
261 447 382 507 nominis
400 448 570 510 delationem
590 489 600 518 ‚
624 463 696 505 uxor
733 441 750 502 ὲ
782 442 936 505 Dolabella
968 442 1068 505 daem

211 521 292 596 Quid
304 524 373 582 mihi
386 524 524 584 discedens
538 523 689 592 mandaris,
708 519 827 580 memini
841 542 851 589 ;
872 520 947 597 quid
967 538 1021 598 ego
1034 521 1068 583 tii

209 596 374 674 scripserim,
392 611 421 659 te
435 620 495 660 non
508 602 621 660 arbitror
634 599 760 658 oblitum.
786 596 858 656 Nou
879 596 922 656 esc
937 597 1002 674 jam
1014 609 1066 658 mu

210 691 261 749 pus
273 676 349 751 plura
361 677 494 735 narrandi.
531 679 631 736 Unum
644 674 710 735 illud
724 688 843 731 monere
862 682 895 731 te
915 670 1065 750 pessumi

122 783 137 792 -
210 768 252 809 res
271 752 317 810 tibi
337 771 396 811 non
416 753 586 829 displicebit,
604 764 700 810 tamen
724 750 782 808 hoc
805 759 944 825 tempore
964 750 1067 811 nihilde

208 839 255 886 tua
275 828 416 888 voluntate
436 829 576 898 ostendas,
596 829 626 887 &
645 826 806 903 exspecto,
853 826 1065 887 uemadmoduu

58 917 131 964 catat
210 916 289 963 exeat
308 923 343 965 cx
361 906 413 963 hac
432 905 518 966 causa.
554 905 705 980 cDenique
724 900 811 963 invidi
841 919 904 973 um¹
917 904 972 963 tibi
990 902 1064 975 sit,i

58 991 91 1026 ne
106 982 159 1043 φιλ
210 982 350 1039 emanarit.
387 981 492 1051 Porro,
511 979 671 1059 significatio
685 978 738 1038 ulla
756 977 777 1037 sr
795 976 985 1039 intercesserit
1002 1025 1012 1052 ,
1028 980 1064 1040 da

56 1065 199 1117 caracenam
208 1057 280 1126 rius,
299 1055 386 1133 quam
405 1058 528 1128 deceat,
551 1070 598 1117 aut
617 1056 767 1137 expediat,
792 1052 849 1114 siat.
889 1056 1003 1135 Neque
1019 1054 1063 1119 llle

57 1128 107 1181 ule.
206 1144 298 1191 tacere
312 1151 375 1192 eam
395 1149 455 1193 rem
477 1135 594 1210 poterit,
613 1150 679 1211 quae
691 1131 747 1191 suae
764 1130 780 1190 s
794 1128 820 1188 ci
839 1142 901 1191 tam
925 1147 1064 1210 opportuna

204 1208 333 1267 acciderit
355 1229 363 1267 :
397 1229 516 1299 quaeque
536 1212 564 1269 in
584 1211 700 1285 negotio
720 1226 754 1267 co
795 1206 900 1269 ciendo
922 1221 1006 1270 tanto
1022 1211 1064 1270 illu

203 1283 281 1345 strior
300 1287 371 1344 erit:
392 1305 456 1347 cum
482 1286 631 1363 praesertim
649 1287 673 1345 ic
692 1284 747 1355 sit,
766 1285 816 1361 qui
840 1283 865 1348 fi
890 1287 1062 1362 penricioiuu

204 1360 284 1421 sciret
310 1360 363 1419 esse
387 1362 465 1439 loqui
484 1364 589 1422 dehac
608 1380 654 1432 re,
673 1362 720 1421 uix
739 1373 835 1420 umen
854 1361 884 1421 se
913 1365 1062 1427 contiuuo

204 1436 353 1514 Pompeius
372 1439 471 1498 dicitur
488 1438 568 1501 valde
587 1456 638 1515 pro
656 1438 751 1515 Appio
768 1437 923 1511 laborare,
945 1451 981 1499 ut
997 1443 1060 1505 etim

204 1526 303 1587 putent
323 1513 439 1574 alienam
458 1528 551 1574 utrum
572 1516 607 1575 dc
623 1512 692 1576 ·-siliis
716 1512 752 1572 ad
770 1524 799 1572 te
819 1508 985 1575 missurum.
1019 1516 1060 1577 lllc

55 1612 71 1649 a
94 1596 255 1650 conflamus
268 1608 367 1651 omnes
380 1591 558 1654 absolvimus:
577 1592 645 1651 7¹&
657 1590 766 1653 hercule
785 1591 946 1653 econfecia
967 1593 1062 1665 omnia,

56 1663 145 1712 acaum
978 1669 1060 1753 Μ,

233 1859 270 1901 70.
288 1843 451 1906 Postalcaionem
461 1848 488 1901 da*
497 1849 589 1896 nominis
597 1847 744 1905 delationem]
756 1842 835 1895 Prim
843 1846 923 1922 igini!
932 1846 1060 1913 postultim

203 1903 303 1957 secunda
316 1911 420 1958 nominis
438 1909 545 1967 delatio,
562 1909 683 1977 postrema
702 1907 816 1958 accusatio
832 1908 889 1961 suut.
913 1910 1059 1976 postadabau

203 1972 318 2033 primum,
334 1984 360 2021 ut
371 1972 474 2021 accusare
485 1974 589 2038 aliquem
600 1973 692 2022 liceret:
709 1972 793 2020 deinde
803 1970 852 2021 hoc
863 1976 1013 2038 impetrato,
1024 1989 1058 2023 uo

203 2047 260 2082 men
276 2037 324 2096 ejus
344 2035 505 2085 deferebatur:
543 2036 645 2086 ostremo
666 2033 819 2085 accusabatur.
851 2041 884 2085 lu
906 2037 992 2088 tabula
1010 2051 1058 2087 cuca

201 2097 319 2161 Torquati
328 2096 429 2156 Bembi,
445 2102 504 2148 Petri
545 2101 573 2149 il:
590 2107 625 2146 De
634 2115 659 2146 ea
673 2115 695 2146 re
708 2103 753 2159 ejus
764 2101 841 2161 paritio
858 2132 867 2156 ,
887 2103 1059 2165 monitusque&-

198 2159 252 2205 latu
262 2161 310 2220 esto.
342 2165 386 2209 Pto
397 2162 485 2212 domo:
502 2166 561 2213 Scau.
572 2165 678 2225 Propertii
685 2178 757 2209 nomen
768 2163 863 2208 detulit:
878 2166 984 2224 accusare

201 2223 313 2271 calumnia
326 2237 406 2271 metum
420 2242 460 2270 non
475 2224 503 2285 est
518 2227 588 2286 ausus.
621 2221 741 2273 Interdum
757 2223 881 2285 Possulm,
900 2241 951 2291 pro
972 2242 999 2277 ac

198 2285 315 2347 accipitur.
348 2292 374 2336 P.
391 2291 477 2337 matut.
510 2293 568 2336 Inter
584 2287 782 2352 postulationem&
802 2291 899 2335 nominis
921 2292 1061 2349 delusuml
1085 2302 1088 2313 '

199 2347 304 2397 Primum
315 2348 445 2413 postulabat
456 2347 573 2399 accusator
583 2365 597 2400 a
607 2355 716 2406 Platore,
732 2362 757 2397 ut
768 2347 810 2398 fibi
819 2350 905 2399 liceret
922 2367 1016 2401 nomeu
1026 2350 1058 2401 da·
1087 2390 1090 2397 .

197 2409 276 2467 ferre,
291 2411 330 2461 ubi
341 2412 491 2476 permiserat,
507 2412 686 2463 constituebatur
696 2411 752 2462 dics.
784 2412 918 2477 Postquam
935 2416 1059 2465 isdiecrc·
1087 2422 1090 2445 ¹

197 2470 281 2531 nisset,
297 2475 415 2526 deserebat
430 2476 548 2526 accusator
563 2492 672 2532 nomen,
692 2477 709 2526 i.
720 2490 740 2524 c.
757 2474 872 2539 petebat,
888 2490 917 2525 ut
930 2478 1058 2528 adversarius
1086 2478 1090 2491 '

197 2538 242 2584 reci
261 2542 438 2589 ererurinreos.
472 2539 556 2589 Medio
565 2542 635 2612 igitur
647 2552 757 2611 campore
770 2553 830 2593 uxor
845 2541 968 2594 uuucimn
985 2539 1058 2597 misc
1086 2566 1089 2589 ι

199 2553 338 2652 Doidbellae.
371 2603 427 2661 J.t··.
436 2605 531 2653 Gronov.
1086 2648 1090 2663 ,

232 2678 269 2718 71.
286 2667 374 2712 Hercule
383 2665 474 2723 confecia
484 2670 566 2722 omnia,
578 2665 640 2725 fado
651 2666 676 2717 b
688 2663 791 2724 inhonesta
799 2664 874 2731 suna]
890 2670 951 2717 Nos
963 2666 1061 2719 huncio·
1086 2666 1090 2705 i

200 2738 255 2771 cum
264 2727 289 2773 iu
299 2726 434 2777 melioribus
446 2730 518 2779 eriam
529 2727 699 2792 exemplaribus
711 2725 872 2784 miserabiliter
880 2729 993 2783 lacerum
1006 2734 1060 2780 imc-
1087 2730 1096 2793 l

199 2789 286 2837 nimus.
318 2792 379 2852 Qaia
388 2804 470 2839 tamen
481 2794 549 2841 variis
560 2791 637 2840 modis
647 2791 670 2840 lc
687 2793 744 2849 itur,
759 2789 826 2854 quod
835 2807 894 2841 vete
902 2791 998 2860 scrupea
1011 2794 1059 2843 acci·

200 2848 254 2905 dit,
271 2865 325 2900 cum
339 2855 422 2906 veritas
439 2869 468 2901 ex
484 2853 639 2903 vetustissimis
660 2808 723 2903 libris
745 2854 817 2918 accipi
839 2870 893 2906 uon
909 2858 992 2921 potest
1006 2891 1014 2913 ‚
1030 2857 1058 2905 ui

199 2928 284 2961 omnes
293 2913 393 2964 libenter
402 2915 560 2980 acquiescam3
578 2933 621 2965 nos
632 2916 669 2965 hic
678 2918 801 2979 antiquam
810 2912 957 2983 scripturam
966 2935 1058 2987 appouc·
1086 2874 1097 3009 ⁴

200 2982 266 3033 rrius,
283 2975 323 3025 etsi
333 2979 462 3044 perversam
472 2982 498 3031 δι
509 2994 642 3045 corruptam
653 2997 660 3036 3
676 2994 701 3029 ut
711 2978 796 3044 posiitr,
811 2982 854 3045 qui
865 2983 988 3041 voluerit,
998 2997 1056 3047 expe

199 3039 251 3093 riri,
268 3054 298 3087 arr
310 3041 497 3091 commodiorem
512 3043 586 3091 ullam
601 3043 730 3092 leciionem
743 3058 774 3098 ex
789 3056 817 3093 ca
832 3046 1059 3110 exprimerem,

199 3099 315 3166 simulque
325 3104 416 3162 videre,
432 3121 482 3168 qua
493 3105 683 3155 circumferuntur
693 3104 784 3155 diversae
799 3105 868 3165 halcu
884 3107 936 3157 loci
953 3110 1057 3159 lediionca

197 3178 271 3225 quam
282 3165 406 3228 pudenter,
423 3183 541 3233 quamque
551 3168 651 3217 fideliter
660 3183 690 3216 ex
701 3170 803 3233 antiquis
813 3167 864 3221 fctc
875 3170 994 3221 vetustate
1000 3166 1056 3221 'dele

195 3228 228 3275 tis
240 3227 341 3292 vestigiis
355 3231 458 3280 dcdustae
476 3230 529 3282 fim.
562 3231 601 3280 Est
617 3246 695 3279 autcm
714 3232 787 3288 hac,
808 3234 835 3285 d*
846 3237 954 3282 Hercules
971 3238 1056 3298 consepta

197 3294 270 3334 omnia
282 3291 358 3350 fodera
374 3297 399 3347 dr
415 3295 519 3354 inhonesta
527 3296 585 3355 ficut.
617 3294 720 3358 Quidam
735 3295 837 3358 legunt,
856 3297 978 3362 conscripta
994 3300 1057 3345 enuit
1091 3296 1094 3307 '

192 3350 290 3412 fodero,
307 3355 346 3402 alii
356 3359 441 3416 confilia
450 3361 533 3413 cannia,
548 3370 573 3405 ut
585 3357 644 3406 nihil
654 3358 763 3407 incertius
773 3356 810 3408 fit.
827 3360 945 3410 Vidlorius.
978 3365 1006 3408 ln
1015 3372 1056 3409 me

198 3413 328 3482 adscripto,
344 3433 388 3483 pro
399 3422 489 3482 confecia
504 3418 615 3485 scriptum
629 3419 662 3479 cst
679 3421 772 3482 corifib'a.
805 3422 970 3494 Pantagathus
988 3434 1055 3535 autpm
