2272 4020
255 119 738 192 ListnPnruus·
885 144 927 209 39

59 238 117 295 ‘tun
128 235 215 293 fratre
230 251 307 293 eram
322 236 410 294 domo
431 235 553 311 expulsus
568 277 577 304 ‚
602 252 694 309 neque
712 229 823 290 hercule
843 231 872 289 in
893 231 925 290 iis

62 310 224 387 iphereus,
264 329 309 369 uae
324 330 494 388 quamquam
509 323 586 369 erant
607 311 675 369 mihi
695 320 804 385 propter
824 307 862 364 rei
884 307 925 364 fa-

63 388 160 447 miliaris
190 406 228 447 na
289 389 333 463 gia
352 384 531 457 necessariae,
557 397 688 445 ²3tamen
710 384 725 442 ‘a
747 402 793 442 me
815 384 924 442 minimi

22 464 31 501 i
60 464 259 543 putabanturin
275 466 343 523 meis
356 465 479 535 damnis,
498 475 568 521 ²4ex
584 463 743 521 austoritate
756 461 859 519 senatus
872 459 924 517 sar·

60 539 172 611 ciendis,
193 559 258 600 eam
271 540 463 610 voluntatem,
482 558 567 616 quam
582 537 781 614 exspeetaram,
794 535 924 611 praestite·

61 629 121 675 runt.
155 619 236 693 Quae
250 616 315 677 eum
335 618 460 676 viderem
483 617 683 692 (nequeenim
705 611 922 687 erantobscuta)
964 612 988 659 P·
1005 614 1047 661 xi

61 709 111 751 uon
130 705 231 755 tamen
250 706 308 754 tarn
329 695 423 752 acerba
444 694 535 751 ¹mihi
554 693 615 751 haec
635 689 817 757 accidebant,
835 686 948 764 quiamx
965 702 1025 752 mihi

62 781 127 827 erant
147 769 194 831 illa
208 782 301 847 grata,
321 788 385 845 quae
406 771 535 829 fecerant.
573 769 668 901 ltapue
696 782 864 842 quamquam
893 761 1073 831 &abtstaqni-

60 842 190 921 l'ompejo
211 846 385 925 plurimum,
403 857 432 903 te
452 845 564 923 quidem
584 845 642 937 ipxo
669 841 872 926 praedicatore,
891 826 1023 936 acsffssgm

62 918 143 991 teste,
162 922 317 994 debebam,
337 925 366 982 st
394 941 459 980 eum
486 941 545 980 non
572 920 659 978 solum
686 916 821 978 beneficio
845 960 853 986 ,
878 915 924 973 sed
997 926 1004 940 ·

62 1006 171 1057 lamore
185 1000 296 1070 etiam,
316 1002 344 1058 &
364 1012 498 1075 perpetuo
517 996 640 1074 quodam
657 996 763 1073 judicio
784 1011 850 1051 meo
864 991 947 1067 dili-y
963 1010 1031 1055 more

63 1072 168 1145 gebam:
189 1086 285 1135 tamen
299 1095 358 1135 non
372 1087 515 1149 reputans,
534 1073 600 1149 quid
620 1073 664 1131 ille
684 1071 789 1138 vellet,
808 1070 837 1127 in
859 1069 983 1125 0m.aiii·.

63 1147 132 1209 tubus
145 1152 215 1209 meis
227 1151 365 1211 sententiis
385 1149 419 1209 de
440 1150 575 1226 republica
594 1148 705 1223 pristinis
718 1146 922 1222 permanebam.

64 1220 117 1299 Fgo
130 1225 242 1289 sedente
257 1228 311 1286 Cn.
324 1225 478 1302 Pompej0‚
497 1238 525 1279 25
535 1243 620 1292 eum,
637 1236 667 1281 ut
680 1222 799 1281 laudaret
811 1222 841 1279 P.
857 1221 923 1279 Sex-

64 1300 144 1371 tium,
162 1300 305 1363 introiisset
323 1304 353 1362 in
373 1304 494 1372 urbem,
512 1296 670 1376 dixissetque
690 1298 760 1359 testis
780 1298 924 1367 Vatinius,

63 1392 106 1449 tue
124 1379 261 1449 fortuna,
281 1382 311 1439 &
332 1379 459 1439 felicitate
487 1379 520 1438 C.
535 1377 645 1436 Caesaris
666 1386 866 1442 commotum,
886 1374 924 1432 illi

63 1446 179 1513 amisum
194 1453 247 1514 esse
262 1453 387 1531 coepisse:
408 1455 481 1524 dixi,
501 1473 547 1513 me
568 1472 630 1512 eam
650 1452 738 1511 Bibuli
757 1452 924 1517 sommam,

61 1545 140 1615 quarn
153 1532 198 1589 ille
211 1531 342 1591 afflistarn
356 1544 461 1607 putaret
476 1574 485 1601 ‚
505 1531 633 1589 omnimn
646 1527 788 1604 triumphis
804 1569 813 1596 ‚
832 1525 922 1584 visio-

16 1664 20 1677 ,
62 1604 103 1663 nis
116 1625 154 1664 ue
173 1610 331 1668 anteferre:
360 1607 470 1683 dixique
492 1606 520 1649 ²⁶
528 1606 630 1665 eodem
649 1605 740 1673 teste,
759 1604 812 1661 alio
831 1602 922 1671 loco,

16 1684 19 1717 ³
62 1696 92 1739 eo
121 1701 168 1743 em
183 1681 267 1754 esse,
294 1685 341 1761 qui
361 1682 486 1743 Bibulum
508 1684 580 1740 exire
602 1682 690 1740 domo
711 1675 922 1759 prohibuissent,

60 1756 86 1815 8(
118 1760 148 1817 ui
169 1778 216 1818 me
234 1758 391 1837 coegissent.
416 1772 475 1817 tota
494 1757 562 1817 verb
584 1758 759 1832 interrogatio
780 1773 842 1813 mea
856 1753 924 1812 nihil

14 1898 16 1907 ,
60 1841 71 1877 ¹
125 1836 184 1906 uit,
203 1835 253 1895 nist
268 1835 506 1912 reprehensionem
527 1835 595 1892 illius
614 1835 781 1892 tribunatus:
803 1833 832 1890 in
847 1831 1072 1904 aquozficramb.

14 1914 17 1971 P
61 1911 150 1970 omnia
164 1911 238 1973 dieta
251 1911 311 1973 sunt
323 1913 444 1975 libertate
459 1953 468 1981 ,
486 1911 638 1988 animoque
652 1907 776 1969 maximo
792 1951 808 1980 ι·
821 1908 855 1967 de
876 1906 922 2043 γὲν
931 1892 1072 2004 ffissdhffi‘

908 2000 923 2042 e
1001 1991 1008 2013 ,
1064 1992 1073 2004 .

932 2032 949 2070 a
961 2019 1075 2109 (ιιικΙιϋί.

90 2199 125 2239 ²³.
141 2182 221 2232 rm
232 2183 246 2229 ὰ
257 2201 290 2230 me
304 2185 392 2230 minimi
403 2182 550 2246 madantum]
580 2182 637 2232 Pali.
648 2179 696 2231 duo
707 2181 823 2233 stewech.
834 2177 926 2228 minimi

58 2247 125 2313 fuas.
134 2251 201 2295 Grut.
208 2251 298 2293 minimi
303 2247 466 2308 imputabantur.
488 2247 576 2295 Laelio:
593 2248 658 2305 ,Quod
668 2248 706 2293 iile
721 2246 810 2293 minimi
822 2244 925 2309 putabat,

14 2298 17 2375 l
62 2308 131 2419 Ἠ)
140 2307 250 2357 excusum
260 2308 311 2366 est;
329 2324 382 2357 cum
398 2308 473 2357 codex
489 2310 579 2369 cujacii
593 2312 682 2355 minimi
696 2306 822 2363 exhibeat,
843 2320 923 2369 capa.

115 2374 145 2420 '0.
162 2373 268 2425 Gebhard.
290 2370 520 2437 Distingue:.Tamm
530 2388 543 2416 a
553 2388 586 2418 me
600 2373 687 2418 minimi
698 2372 826 2434 praebantur
835 2374 857 2416 in
872 2372 926 2415 meis

14 2472 17 2505 Ι
62 2434 150 2482 damnis.
168 2433 287 2507 Significat
304 2433 369 2498 quod
384 2438 410 2482 in
425 2434 491 2483 fama
505 2436 530 2483 ὃς
546 2431 717 2482 existimatione
732 2429 805 2497 passus
820 2429 867 2487 sit,
883 2429 926 2481 fibi

14 2546 16 2555 ,
61 2498 150 2560 gravius
160 2494 242 2553 fillffe,
275 2511 330 2545 uam
345 2498 422 2545 ruinas
436 2496 560 2545 tebborum.
582 2511 638 2544 narn
656 2495 686 2544 ad
701 2497 874 2557 eircsarciendis
889 2495 927 2541 in-

14 2564 17 2625 Ῑ
61 2559 107 2685 ἱεὶὲ
156 2558 255 2607 dumeti
274 2562 398 2625 upetiote:
419 2576 483 2624 neque
497 2561 563 2607 hercle
574 2563 597 2606 in
613 2563 642 2606 iis
657 2559 705 2622 i'pſss
717 2559 774 2606 rebus
784 2558 942 2618 resarciendis.¹

75 2657 82 2670 .
106 2659 112 2672 .
145 2636 230 2672 ronov.
489 2646 494 2657 ·

14 2638 17 2719 i
91 2701 127 2744 2⁴·
144 2688 317 2733 Exauiiorirate
327 2686 413 2747 senatus
423 2684 559 2745 sarciendis]
584 2682 748 2748 Expteffimus
763 2680 828 2747 quod
847 2681 928 2729 habuit

14 2730 18 2815 Ι
61 2747 140 2798 Lab.
181 2748 309 2813 obavitque
319 2763 348 2795 ex
363 2746 528 2797 stewechiano
543 2747 683 2795 Gulielmius
698 2743 746 2811 ipse
759 2761 788 2794 ex
804 2746 861 2794 Pall.
873 2749 928 2794 Vat.

14 2820 17 2869 g
62 2812 125 2862 Gntt.
136 2763 244 2858 editione
253 2813 336 2875 prima
360 2809 411 2875 post
422 2809 545 2917 publicati:
562 2811 703 2873 reffircimiis.
720 2806 837 2857 Gebhard

89 2890 124 2929 25.
143 2881 198 2921 Cum
207 2886 232 2920 ut
243 2876 340 2920 laudaret
352 2878 377 2922 P.
391 2876 427 2933 Se]
437 2878 497 2929 ium,
512 2873 613 2933 introisset
624 2876 647 2919 in
656 2873 745 2928 urbem]
762 2871 859 2919 Veneti:
877 2876 929 2915 Cum
983 2906 986 2911 .

64 2946 84 2981 et
96 2937 197 2983 sudaret
214 2940 240 2984 P.
253 2935 345 2995 Sestium
359 2941 411 2985 intr.
450 2938 475 2984 &
495 2934 555 2982 hane
577 2935 704 2983 lectionem
719 2934 820 2982 Rutilius
836 2928 927 2996 probat.

69 3002 165 3048 mar.
200 3002 260 3047 Non
281 2996 438 3063 pretereunda
452 2997 500 3046 hec
517 2997 592 3046 fuerat
607 2997 699 3053 lessio,
716 3012 788 3061 quam
804 2995 888 3058 reperit
903 2996 929 3043 in

13 3118 16 3127 Ι
69 3060 145 3111 Medic.
160 3061 289 3125 Egnatius,
306 3060 426 3126 ediditque
435 3060 522 3109 Videor.
536 3064 602 3113 Man.
614 3058 697 3109 Lamb.
710 3058 830 3122 exstatque
840 3058 930 3107 itemin

13 3158 15 3163 .
68 3124 131 3174 Vuic.
140 3124 238 3171 Gruteti
249 3130 319 3179 vero,
335 3141 382 3171 cum
392 3138 417 3170 ut
425 3125 523 3170 laudaret
533 3126 654 3186 Pompejum
664 3126 759 3170 Sextum.
777 3118 855 3184 Vulgi)
866 3133 891 3168 ut
902 3122 928 3169 δι

15 3236 19 3243 Ι
65 3185 113 3235 sall.
136 3185 206 3242 duo,
228 3200 282 3233 cum
296 3184 368 3234 tribus
384 3184 559 3233 Gulielmium
575 3199 599 3231 ut
616 3186 712 3231 laudam
728 3187 872 3245 Pompeium,
899 3187 925 3232 P.

64 3250 144 3296 emtus
157 3248 267 3309 inrrmffir.
286 3246 403 3297 Gebhard.
436 3249 544 3295 Laudaret
552 3245 700 3295 Laudatione
710 3245 817 3307 judiciali.
831 3249 925 3294 Sueton.

13 3330 16 3355 i
69 3311 192 3368 osiamso.
214 3313 366 3370 11Verr.4&
374 3328 393 3368 5.
411 3311 568 3369 J.F.Gmnov.

13 3386 17 3415 f
92 3383 118 3423 26
135 3376 218 3422 Eodem
228 3373 292 3433 resse]
307 3380 385 3436 Qtum
395 3375 478 3421 itemnr
491 3372 539 3420 alio
553 3373 579 3420 in
589 3370 675 3434 judicio
685 3369 749 3423 testis
763 3373 869 3424 Vatinius
886 3367 928 3418 ad·

13 3470 17 3515 3
63 3434 133 3490 vestu
144 3438 260 3489 clientem
270 3450 352 3488 meum
361 3432 425 3489 esset.
441 3438 507 3486 Idam.
883 3499 905 3540 D

522 3504 567 3559 64
829 3512 867 3553 27.
907 3509 933 3541 t·
