2206 3914
211 148 272 233 24⁶
324 144 436 212 Error.
458 146 510 206 nri
531 137 740 203 Murranum
760 154 804 202 rr
822 152 978 203 errares

62 273 168 337 qum,
210 250 391 329 ⁶9redituque
417 243 574 307 retinetur?
593 243 721 307 iEtenim
753 245 824 305 ordo
857 245 912 323 ipse
937 244 1023 309 annali

111 374 118 397 ,
213 328 391 389 mediocriter
404 342 456 387 nos
469 325 584 393 retinet,
603 320 678 399 quast
699 326 910 392 enumeratione
936 323 1024 385 fastor

214 406 255 465 At
267 407 320 464 viri
332 402 403 479 saepd
417 400 573 461 excellentis
594 399 723 475 ancipites
743 401 866 477 variique
885 398 960 459 casus
978 400 1024 463 hal

215 481 426 545 admirationem
443 521 452 550 ,
471 474 719 553 exspectationem,
737 475 885 546 laetitiam,
905 474 1024 537 molell'u

213 558 313 635 spem,
333 559 473 616 timorem.
492 552 512 611 fi
531 550 600 613 verb
619 553 694 611 exitu
714 552 827 612 notabili
853 552 1024 621 concludunt

216 635 340 710 expletur
373 634 480 697 animus
505 640 536 683 ⁷⁰
548 628 741 706 jucundiffima
772 628 898 695 ledlionis
930 630 1024 707 volupt

215 714 307 787 lQuo
321 710 388 769 mihi
403 706 531 766 acciderit
544 706 662 779 optatius
678 748 686 774 ‚
713 705 732 763 fi
751 706 781 763 in
797 706 851 769 hac
869 703 1005 773 sententia
1021 728 1024 765 :

216 790 273 857 ris,
294 800 325 845 ut
343 786 359 844 a
378 782 581 841 continentibus
600 782 653 838 tuis
672 781 795 857 seriptis,
827 782 856 840 in
875 783 975 857 quibus
988 798 1024 859 pe

121 912 128 935 ,
163 910 171 925 .
215 877 293 923 tuam
307 878 398 922 rerum
417 858 551 935 gestarum
570 854 708 914 historiam
729 856 943 933 complecteris,
963 858 1024 917 sece

215 942 288 1001 hanc
308 935 383 1015 quast
407 934 525 993 fabulam
550 949 642 1001 rerum
669 945 891 1021 eventorumque
917 934 1025 995 nollror

218 1018 313 1075 Habet
326 1014 402 1072 enim
416 1011 504 1069 varios
518 1008 592 1075 astus
607 1051 616 1078 ,
636 1008 786 1086 multasque
806 1011 931 1072 adbones
951 1013 1025 1081 &ct

215 1094 318 1154 liorum
345 1092 375 1148 &
401 1099 569 1161 temporum.
607 1085 652 1143 Ac
672 1092 730 1144 non
749 1102 880 1155 vereor,
916 1105 954 1146 ne
975 1084 1025 1147 affe

217 1168 340 1228 tiuncula
359 1162 478 1241 quadam
499 1162 628 1249 aucupari
646 1174 723 1219 tuam
743 1162 857 1238 gratiam
879 1163 997 1241 videar,
1022 1190 1025 1215 ι

218 1246 275 1311 hoc
289 1240 494 1309 demonstrem,
514 1256 561 1297 me
575 1256 591 1297 a
604 1250 633 1299 te
646 1236 814 1313 potissimbm
835 1241 927 1298 ornari
947 1240 1025 1301 celeb

219 1339 276 1399 que
302 1318 382 1379 velle.
420 1316 522 1397 Neque
548 1315 624 1373 enim
650 1326 681 1373 tu
705 1315 726 1372 is
753 1333 798 1400 es,
817 1324 844 1368 7¹
857 1317 923 1392 quj,
941 1316 1012 1395 quid

221 1396 338 1457 nescias:
360 1392 451 1469 &qui
465 1410 524 1450 non
538 1407 585 1447 eos
599 1390 702 1465 magis,
721 1408 769 1467 qur
787 1404 816 1448 te
836 1410 894 1451 non
909 1392 1026 1453 admirer

221 1471 330 1539 invidos
344 1512 353 1539 ‚
373 1472 459 1545 quam
473 1485 537 1536 eos,
557 1466 605 1541 qui
618 1465 746 1535 laudent,
765 1464 940 1527 affentatores
953 1470 1026 1531 arbit

223 1550 325 1624 Neque
338 1556 432 1603 autem
447 1561 501 1619 ego
513 1543 573 1600 lum
586 1543 624 1600 ita
637 1541 751 1601 demens
766 1588 775 1615 ‚
801 1555 832 1604 ut
853 1562 900 1602 me
916 1545 1026 1623 sempitt

222 1624 318 1705 gloriae
332 1638 380 1697 per
393 1638 459 1679 eum
473 1618 665 1677 commendari
679 1620 782 1691 velim,
801 1621 849 1695 qui
869 1638 929 1680 non
949 1621 1026 1698 ipset

224 1719 280 1778 que
306 1700 335 1759 in
357 1716 403 1757 mc
430 1694 657 1761 commendando
704 1698 823 1771 ropriam
843 1696 948 1772 ingenii
974 1698 1027 1786 glor

224 1776 413 1855 consequatur.
451 1774 553 1853 Neque
566 1771 642 1833 enim
694 1772 812 1835 euander
825 1771 893 1843 ille,
912 1785 1010 1851 gratiae

226 2003 340 2052 Gulielm.
354 2004 461 2059 Erechrn'q
477 2000 543 2066 quod
557 2016 607 2051 non
622 2000 710 2066 probo:
726 1999 812 2049 deinde
826 2012 907 2048 tenetur
924 2016 977 2051 non
991 2008 1027 2051 nti

226 2066 330 2133 agnoseit
341 2065 405 2123 idem
415 2065 530 2113 stewech.
543 2079 569 2112 ac
580 2064 626 2111 Pal.
640 2066 717 2125 quint.
729 2068 797 2120 Grut.
816 2065 923 2114 Gebhard.

259 2138 295 2182 69.
312 2131 413 2191 aedita]
435 2126 548 2174 Reditum
563 2125 729 2174 Themistoclis
746 2126 798 2191 post
819 2126 901 2192 fugam
917 2142 968 2181 non
989 2129 1027 2176 ior

226 2190 290 2247 forte
302 2187 389 2238 secutus
405 2188 437 2236 est
454 2190 539 2239 Cicero
554 2188 673 2243 annales,
689 2204 749 2251 quos
771 2205 848 2253 neque
868 2189 1005 2239 Plutarchus
1019 2206 1027 2239 r

226 2251 313 2301 Probus
324 2251 436 2305 viderint,
452 2262 491 2298 aut
501 2247 585 2313 quibus
596 2248 730 2298 habendam
739 2250 813 2303 fidem
822 2269 873 2303 non
885 2255 1005 2319 putarint:
1021 2269 1028 2299 c

227 2315 261 2373 do
272 2318 297 2365 δι
309 2312 339 2362 de
349 2316 444 2363 interitu
453 2314 502 2373 ejus
514 2313 580 2360 aliter
595 2313 655 2361 alios
671 2311 829 2372 existimaffe,
854 2317 880 2364 in
897 2320 971 2364 Bruto
988 2317 1027 2383 leg

230 2378 345 2432 Memini,
362 2392 417 2425 eum
431 2375 507 2424 homo
523 2372 675 2440 ingeniosus,
690 2375 858 2443 indrustriaque
873 2380 1010 2438 excellens,
1026 2396 1028 2427 τ

228 2442 292 2505 liaris
308 2455 374 2488 meus
386 2439 543 2502 Hieronymus
558 2439 690 2496 Ferrarius,
716 2441 752 2489 cui
766 2456 862 2497 mortuo
875 2440 936 2490 bene
952 2441 1001 2499 fit,
1016 2443 1028 2490 l=

229 2504 288 2555 dum
298 2503 453 2569 opinabatur,
469 2506 581 2558 luerim,
597 2516 641 2566 pro
650 2505 738 2567 Redito.
755 2519 806 2569 quae
821 2505 973 2566 tomellum,
994 2504 1028 2557 eti

232 2566 302 2621 sentit
318 2567 347 2615 ab
362 2568 464 2630 antiquis
479 2563 562 2621 libris,
582 2576 681 2621 tamen,
698 2570 753 2634 quia
767 2583 822 2617 uam
841 2568 956 2621 sententia
975 2584 1028 2635 corn

232 2628 491 2697 praetennittendanon
501 2626 553 2676 fuit.
570 2632 691 2679 turrano.

237 2700 240 2709 '
266 2709 304 2748 το.
321 2691 475 2753 Jucuudrffimae
491 2692 584 2739 teutonis
594 2696 650 2751 dan]
664 2694 767 2751 Veneti,
784 2708 834 2742 non
843 2704 905 2749 cette
920 2695 986 2758 pejus
999 2709 1029 2751 ,t

233 2766 275 2815 qu,
291 2756 336 2801 ita:
354 2753 508 2815 Jucundrffiqu
517 2756 611 2802 lessiom's
620 2756 746 2818 voluptate,
761 2774 801 2823 qm
811 2760 919 2806 mihim.
938 2759 964 2811 &
981 2772 1029 2807 mo:

234 2819 276 2881 qui
285 2817 375 2879 quidſss
387 2850 393 2872 ,
410 2819 445 2875 illl
455 2821 495 2877 qui
502 2817 584 2880 qur'fis.
602 2821 723 2871 Cametar.

268 2894 305 2934 ar.
322 2880 372 2941 Qi
380 2882 434 2940 quid
439 2880 469 2936 fis
479 2881 574 2939 nescim]
590 2881 751 2931 commendat
766 2882 827 2930 hano
841 2881 971 2931 ledionem
982 2881 1029 2951 ipsa

235 2952 291 2996 aaa,
308 2954 380 3003 quam
390 2938 477 2989 secutus
487 2956 582 3050 quoque
591 2938 643 2992 sunt
653 2944 768 2995 Vistorius
780 2959 807 2993 ao
822 2947 951 2997 Manutiuu
973 2951 1029 3007 Lam

236 3014 319 3065 tamen
334 3005 366 3059 ait
382 3004 406 3049 in
423 3004 491 3050 omni
507 3018 534 3049 us
546 3002 629 3053 edidis
644 3003 724 3055 haberi
738 3008 842 3070 quioquid
851 3010 895 3069 scis
907 3010 999 3068 nescias,
1016 3023 1029 3058 a

236 3065 350 3129 etiamque
359 3079 412 3113 eam
422 3064 470 3113 ibat
481 3065 622 3113 Gulielmiru
632 3080 661 3117 ex
674 3068 752 3125 Milite
762 3069 876 3120 Plautina.
900 3067 915 3118 s
940 3086 970 3120 ue
983 3085 1030 3125 tarr

236 3126 414 3187 malletestatur
429 3126 512 3187 Lamb.
527 3126 594 3191 quod
606 3130 632 3177 in
647 3130 768 3179 nonnullis
782 3129 834 3180 mis.
850 3135 923 3197 reperi
943 3147 968 3183 et
984 3140 1030 3199 quia

237 3191 323 3249 nescius.
340 3192 396 3242 roll.
409 3193 476 3255 prim.
493 3189 536 3252 sec,
547 3203 623 3256 quart.
635 3194 711 3259 quint,
726 3193 784 3242 itero
794 3195 870 3260 prima
881 3195 956 3247 editio
966 3198 1030 3263 preti

239 3262 265 3303 tp
275 3255 293 3296 r's
304 3260 394 3362 magni
402 3256 534 3315 fisnefcins:
549 3255 596 3307 Pal.
612 3268 665 3307 tert.
682 3259 749 3309 Gru.
765 3261 805 3321 qui
819 3259 863 3318 scis
877 3261 963 3320 arescius.
986 3261 1030 3311 ln.

354 3332 368 3363 Θ

239 3326 290 3383 patu
300 3313 333 3360 fui
377 3330 445 3366 notat
455 3319 582 3381 Egnatius,
599 3326 670 3382 Neque
680 3321 736 3365 enim
750 3332 776 3366 tu
788 3336 809 3370 et
824 3323 843 3366 is
857 3324 912 3386 quid
926 3324 951 3369 id
960 3324 1030 3384 nescia

254 3373 377 3451 laedetur
387 3379 452 3458 quod
462 3380 555 3432 cuilibet
566 3383 686 3451 optimum
691 3381 861 3451 titltttttamihi
875 3383 939 3437 edita
948 3384 982 3435 est
997 3400 1030 3446 ott

266 3448 399 3518 {agillima
430 3445 541 3505 Galbard,
588 3454 593 3460 '
965 3525 1004 3571 n·
1021 3517 1030 3572 A
