2272 4020
223 212 760 301 Lrurnannrus.
854 240 911 289 201

46 344 90 387 res
103 323 130 384 se
141 323 255 383 haberet
269 368 278 394 ‚
297 321 385 384 8«tuos
398 329 527 386 certiores
539 329 637 387 facere.
652 329 940 406 anxietatum,
956 356 1032 407 artie.

49 401 117 460 clim
137 401 171 459 ab
195 401 334 477 Epidauro
353 403 490 462 Piraeeum
510 405 575 463 navi
595 404 724 463 advertus
745 404 853 479 essem,
879 411 916 469 ibi

50 477 234 548 Marcellum,
255 478 390 554 collegam
404 480 689 551 nostrum,conveni,
705 500 825 559 eumque
840 487 915 545 diem

49 555 88 614 ibi
101 553 274 630 consumpsi,
293 566 324 612 ut
337 573 402 614 cum
418 574 453 614 eo
475 555 567 615 essem,
603 557 715 615 Postero
736 559 780 617 die
801 561 865 619 clim
884 564 917 621 ab

51 648 89 689 eo
111 627 237 706 digressus
264 629 348 690 essem
369 651 405 691 eo
426 632 564 701 consilio,
591 630 618 687 85
634 644 665 691 nt
692 634 725 690 ab
751 636 867 696 Athenis
886 641 916 699 in

51 706 192 770 Boeotiam
205 709 292 779 irem,
312 707 499 788 reliquamque
509 708 727 790 jurisditionem
740 711 917 775 absolverem:

859 791 922 861 ille,

54 974 114 1010 nem
123 959 201 1010 delete
211 963 291 1012 conati
300 961 365 1022 sunt,
383 967 408 1015 &
422 964 448 1013 in
457 967 505 1027 eius
518 964 599 1014 locum
610 964 701 1025 fortm
712 980 813 1031 ponere:
829 979 921 1015 verum·

55 1036 138 1072 tamen
155 1026 181 1072 in
196 1026 244 1072 anti
263 1027 316 1084 uis,
343 1032 369 1077 bc
385 1032 409 1077 in
424 1028 517 1076 Aldinis
528 1030 600 1077 etiam
615 1028 745 1086 codicibus,
757 1044 834 1076 nature
849 1031 922 1094 legas.

57 1090 171 1159 Viderint.
204 1041 324 1139 Mediceus
335 1106 431 1156 quoque
440 1091 498 1140 libet
508 1096 530 1138 r'n
540 1090 683 1142 bonishabct.
717 1093 790 1140 Nulla
806 1105 867 1140 certa
883 1092 925 1140 ad-

55 1148 114 1198 ferri
125 1146 217 1215 possunt
229 1166 379 1215 argumenta,
392 1168 442 1218 qua
453 1154 554 1205 doceant
567 1154 630 1210 hoc,
648 1168 686 1203 aut
695 1155 741 1202 illo
755 1155 830 1202 modo
847 1154 924 1203 neces-

57 1210 121 1259 sario
130 1213 179 1276 legi
188 1212 270 1262 debere
285 1219 311 1265 bc
328 1231 444 1282 utraque,
463 1231 580 1281 quantum
595 1232 640 1281 ego
656 1218 784 1282 intelligo,
798 1218 869 1266 lesbio
886 1218 926 1266 de·

57 1273 127 1324 sendi
144 1275 226 1339 potest.
248 1280 313 1329 Idem,
344 1282 428 1329 veneti
443 1282 468 1328 sc
485 1280 525 1328 alii
546 1286 568 1327 in
585 1284 661 1336 nohis,
678 1293 749 1344 atque
768 1283 801 1328 itu
828 1279 926 1345 quidum
991 1296 993 1301 ·

57 1336 214 1386 emendarunt
225 1340 306 1389 locum
315 1343 341 1391 in
351 1358 410 1393 orat.
433 1357 516 1392 contra
531 1344 631 1392 Rullum
647 1340 678 1390 ad
695 1344 807 1407 populum
823 1376 829 1398 ,
850 1357 875 1390 ut
891 1345 925 1394 ita

57 1399 177 1449 facerent:
193 1408 240 1448 Non
249 1408 394 1467 ingenerantur
409 1408 526 1457 horninibus
542 1424 627 1462 meres,
644 1419 689 1452 tem
705 1423 720 1450 e
729 1407 795 1468 stirpe
805 1411 887 1468 generis
902 1424 927 1453 ae

53 1465 146 1524 seminis
161 1497 170 1520 ‚
185 1481 287 1528 quanter
300 1470 334 1514 hie
352 1471 412 1516 rebus
425 1502 432 1525 ,
445 1486 490 1533 que
505 1469 531 1514 ab
545 1471 590 1533 ipso
606 1480 684 1515 natura
701 1470 757 1515 nobis
768 1470 793 1520 ὀ·
809 1474 860 1516 vito
877 1488 926 1516 con·

53 1527 169 1586 suetudine
180 1529 347 1590 suppeditantur.
370 1536 490 1581 Camerar.
525 1535 568 1594 Cofi
586 1533 611 1583 dr
630 1546 674 1581 nar.
692 1534 716 1578 in
731 1532 776 1580 bon.
799 1532 838 1589 ol]
867 1536 924 1581 Ant.

59 1587 184 1655 Auguslin.
202 1594 313 1641 {nmero
329 1596 385 1641 bonis
402 1595 425 1642 le
456 1593 530 1641 ndum
545 1595 679 1643 existimat:
698 1593 758 1642 milri
773 1607 853 1641 tamen
871 1597 928 1641 nobis

89 1668 106 1700 o
120 1654 179 1699 bonis
195 1655 269 1718 magis
284 1657 374 1720 planet,
391 1657 406 1705 d
430 1670 468 1705 eta
478 1656 562 1706 scilicet
578 1658 669 1704 macula
686 1690 693 1711 ,
708 1672 758 1720 qua
776 1670 805 1704 er
821 1656 929 1721 transpo-

81 1717 148 1764 tione
164 1713 199 1776 (ut
215 1715 317 1830 videturg
327 1720 456 1769 litteratum
466 1718 563 1768 inhesit.
579 1720 677 1776 vrfinus.
711 1727 735 1766 [n
748 1719 805 1765 nolis
825 1724 929 1784 Reperta

62 1776 96 1827 ell
145 1777 193 1827 slea
209 1778 257 1829 hec
272 1781 295 1829 le
319 1783 344 1830 io
358 1784 384 1831 in
405 1783 507 1846 antiquis
520 1782 603 1837 libris,
631 1784 656 1830 δι
677 1794 768 1845 recepta
782 1795 798 1828 a
813 1786 928 1839 Grutero,

114 1856 167 1952 qge.
184 1841 236 1914 libri
249 1856 331 1893 tamen
345 1847 449 1902 Gravii,
464 1843 595 1893 mustelod.
607 1846 632 1897 δι
649 1847 749 1893 Mentel.
761 1857 846 1893 ornnes
861 1848 884 1892 r'n
894 1847 930 1891 bo-

63 1921 104 1953 nes.
148 1919 236 1954 turtur.

98 1975 135 2026 84.
152 1972 191 2013 Vos
209 1971 304 2015 certiores
320 1982 344 2016 ut
357 1969 470 2029 fonnem]
483 1974 575 2018 Secutus
591 1969 641 2018 sum
655 1969 728 2019 libros
741 1969 864 2034 plerosque
878 1971 930 2019 vul-

64 2043 142 2095 gatos.
161 2044 217 2079 nam
227 2028 304 2095 scripti
319 2047 403 2083 omnes
417 2032 504 2082 habent
516 2069 523 2091 ,
537 2051 577 2080 vos
591 2037 684 2079 certiores
697 2034 768 2092 secere
782 2051 790 2078 :
806 2033 931 2097 quomodo

65 2092 140 2141 edidit
151 2096 175 2143 l’.
182 2093 304 2143 Victorius.
327 2093 371 2143 Sed
381 2096 428 2144 lroc
439 2096 553 2160 loquendi
563 2110 635 2160 genus
646 2094 700 2143 ferri
708 2110 758 2143 non
769 2094 858 2159 potest,
874 2111 931 2144 meo

65 2155 165 2219 quidem
175 2154 278 2215 judicio,
292 2159 403 2219 uffmest
413 2159 556 2219 faciendum,
578 2176 616 2205 vor
629 2158 701 2216 faeere
714 2161 815 2207 certiores,
848 2164 933 2222 ltaque

64 2217 103 2268 vel
119 2220 152 2267 ita
164 2218 292 2292 legendum
302 2234 327 2268 ut
342 2220 429 2271 habent
444 2220 480 2270 illi
495 2223 534 2270 vul
553 2222 585 2269 ati
601 2219 671 2276 libri,
690 2221 729 2270 vel
741 2221 762 2279 fi
777 2238 815 2266 vor
832 2224 929 2268 certiores

61 2282 135 2341 fecere
151 2282 199 2346 legi
214 2283 337 2340 volumus,
352 2283 453 2334 delenda
463 2300 511 2333 vox
524 2238 663 2345 rictrudem:
680 2297 705 2331 ut
719 2286 753 2332 ita
769 2283 877 2350 legatur,
893 2287 931 2331 vi·

61 2347 115 2407 sum
130 2344 177 2405 est,
201 2361 240 2409 que
256 2364 282 2392 reo
299 2349 358 2394 modo
375 2365 407 2395 res
419 2350 442 2410 so
456 2350 556 2403 haberet,
572 2351 667 2394 certiores
677 2363 715 2394 vos
725 2346 803 2405 facere.
820 2345 930 2396 Lambin.

69 2414 108 2455 Vos
123 2410 220 2454 certiores
233 2362 311 2466 daem.
343 2410 431 2459 Pendet
448 2410 477 2459 ab
493 2422 542 2468 eo‘,
563 2411 636 2470 VrYrem
651 2411 679 2471 est
689 2411 837 2470 uferiendrem:
858 2425 932 2473 quam

69 2482 139 2533 apte,
154 2468 312 2531 aliijudicent.
333 2471 437 2522 usitatius
453 2475 518 2523 enim
535 2485 602 2528 erat,
625 2478 662 2519 Vos
676 2475 772 2520 certiores
787 2486 812 2520 nt
823 2472 935 2532 facerem.-

69 2545 127 2646 aMuz
145 2534 217 2594 Vestem
234 2535 262 2595 est
275 2553 313 2582 ver
329 2541 424 2585 certiores
437 2535 516 2597 facere.
533 2535 599 2600 quod
609 2536 649 2583 alii
664 2548 760 2599 quoque
773 2535 887 2585 viderunt.
905 2540 933 2585 P.

127 2609 160 2645 ut.

102 2668 139 2716 ες.
156 2664 189 2706 vr
203 2660 230 2705 ab
247 2663 342 2708 ,Athenis
359 2665 382 2707 in
397 2665 501 2708 Boeotiam
515 2664 586 2717 irem,
605 2663 751 2725 reliquamque
761 2660 933 2722 jurifidrtir'onrm

67 2722 217 2784 absolveram]
243 2724 364 2771 Provincia
380 2724 473 2788 Sulpicii
491 2736 587 2772 vocatur
599 2728 689 2771 ,Achaia
704 2739 754 2771 non
770 2722 845 2771 modo
859 2738 895 2787 ep.
906 2742 930 2783 4.

68 2784 137 2847 hujus
147 2784 218 2841 libri,
233 2801 315 2833 verum
328 2787 402 2834 etiam
416 2794 586 2850 ep.26.27.28.
604 2785 644 2835 lib.
657 2802 718 2836 x111.
739 2784 777 2835 sed
794 2787 873 2834 mirari
888 2787 933 2834 uli·
1001 2810 1004 2815 ·

70 2845 218 2958 quislpoflit,
233 2862 272 2896 cur
288 2863 324 2912 ep.
337 2855 358 2896 6.
379 2847 419 2897 lib.
431 2862 468 2897 vr.
491 2850 601 2914 Sulpicius
617 2845 708 2912 preesse
725 2844 818 2897 Grecin
835 2846 931 2898 dicatur.

71 2916 127 2975 Dup
137 2926 168 2959 ex
179 2914 284 2968 Achaia,
300 2922 365 2959 vetus
376 2911 418 2960 illa
425 2908 535 2970 bimaris,
547 2914 573 2960 &
584 2910 632 2959 hac
642 2914 756 2960 recentior
771 2912 863 2976 Sulpicii
878 2926 934 2975 pro·

69 2975 167 3028 vincia,
184 2986 288 3024 veterem
297 2972 436 3038 complexa:
448 2986 522 3037 quam
536 2976 620 3022 Cicero
636 2988 689 3022 cun
700 2977 816 3024 Greciam
830 2975 935 3037 appella-

71 3038 126 3094 vit,
142 3033 241 3100 respexit
257 3036 287 3084 ad
301 3036 418 3085 Graeciam
432 3033 563 3091 universam
582 3036 712 3102 asulpicio
732 3035 935 3085 administratam:

72 3113 139 3163 que,
151 3097 202 3162 posi
211 3114 305 3164 captam
311 3098 473 3154 ¹Corinthum,
485 3100 510 3147 in
540 3099 647 3147 tovinciae
657 3098 780 3158 formam,
794 3096 862 3146 simul
881 3114 936 3148 cum

71 3159 121 3226 ipsa
134 3161 234 3218 nelina,
248 3162 342 3211 tedasla
351 3160 401 3210 est:
416 3174 442 3209 ut
452 3163 478 3208 in
489 3114 578 3209 Andria
592 3159 712 3211 Pausanias
722 3162 798 3211 docet.
821 3164 934 3208 ert-boiam

71 3239 131 3274 vero
146 3224 212 3272 idem
233 3227 318 3274 Cicero
333 3225 424 3289 Sulpicii
438 3225 584 3289 provinciam
598 3239 686 3281 vocat3
707 3226 761 3289 quin
779 3224 872 3287 reliqua
887 3224 935 3284 ejus
963 3237 968 3245 ¹

89 3288 198 3337 rouincie
243 3301 288 3338 nes
304 3302 318 3336 a
332 3287 443 3336 nobiliori
458 3300 549 3335 nomen
564 3300 719 3351 acceperunt3
740 3290 765 3335 dt
779 3287 852 3359 quia,
867 3300 936 3336 oeca-

72 3303 141 3400 done‘
151 3347 204 3398 deri
226 3360 246 3398 'te
256 3350 363 3406 Arbele,
377 3361 441 3398 totus
451 3349 493 3398 ille
502 3360 616 3397 terrarum
625 3350 724 3407 crabbus,
738 3350 765 3396 ut'
774 3348 875 3396 diximus
887 3382 895 3405 ‚
910 3352 936 3399 in

71 3414 200 3478 provinciae
208 3411 313 3461 formam
322 3411 354 3462 est
363 3411 475 3462 reduetus.
509 3413 545 3460 Sic
555 3411 675 3467 &Cilicia
685 3444 693 3466 ‚
707 3413 846 3477 acicerone
861 3411 937 3460 admi-

72 3474 188 3531 nistrata,
205 3477 329 3539 provincia
338 3490 429 3528 nomen
439 3474 517 3528 dedit:
533 3476 587 3523 licet
598 3470 710 3523 Asiaticas
719 3474 810 3541 aliquot
825 3473 937 3524 dioeceses
1013 3512 1022 3521 ,

71 3538 277 3605 complecteretur.
300 3540 368 3591 iden.

127 3628 132 3638 ·
531 3607 578 3659 Νς
845 3608 881 3650 36.
899 3600 943 3646 Str·
