<?xml version="1.0" encoding="UTF-8"?>
<!DOCTYPE html PUBLIC "-//W3C//DTD XHTML 1.0 Transitional//EN"
    "http://www.w3.org/TR/xhtml1/DTD/xhtml1-transitional.dtd">
<html xmlns="http://www.w3.org/1999/xhtml" xml:lang="en" lang="en">
 <head>
  <title>
</title>
<meta http-equiv="Content-Type" content="text/html;charset=utf-8" />
  <meta name='ocr-system' content='tesseract 3.04.00' />
  <meta name='ocr-capabilities' content='ocr_page ocr_carea ocr_par ocr_line ocrx_word'/>
</head>
<body>
  <div class='ocr_page' id='page_1' title='image "./marcitulliicice06pedigoog_0057.png"; bbox 0 0 2272 4020; ppageno 0'>
   <div class='ocr_carea' id='block_1_1' title="bbox 159 112 954 219">
    <p class='ocr_par' dir='ltr' id='par_1_1' title="bbox 159 112 954 219">
     <span class='ocr_line' id='line_1_1' title="bbox 159 112 954 219; baseline 0 -23"><span class='ocrx_word' id='word_1_1' title='bbox 159 142 163 159; x_wconf 83' lang='lat'><strong><em>¹</em></strong></span> <span class='ocrx_word' id='word_1_2' title='bbox 213 112 260 219; x_wconf 53' lang='grc' dir='ltr'><strong>μ’</strong></span> <span class='ocrx_word' id='word_1_3' title='bbox 352 128 523 198; x_wconf 70' lang='lat' dir='ltr'><strong>trist.</strong></span> <span class='ocrx_word' id='word_1_4' title='bbox 557 120 954 215; x_wconf 73' lang='lat' dir='ltr'><strong>no&#39;ertrururr</strong></span> 
     </span>
    </p>
   </div>
   <div class='ocr_carea' id='block_1_2' title="bbox 209 236 1091 761">
    <p class='ocr_par' dir='ltr' id='par_1_2' title="bbox 209 236 1091 761">
     <span class='ocr_line' id='line_1_2' title="bbox 211 236 1085 319; baseline 0 -18"><span class='ocrx_word' id='word_1_5' title='bbox 211 258 278 301; x_wconf 87' lang='lat' dir='ltr'><strong>cnm</strong></span> <span class='ocrx_word' id='word_1_6' title='bbox 291 242 409 317; x_wconf 87' lang='lat' dir='ltr'><strong>imperio</strong></span> <span class='ocrx_word' id='word_1_7' title='bbox 423 242 574 310; x_wconf 83' lang='lat' dir='ltr'><strong>obtineres,</strong></span> <span class='ocrx_word' id='word_1_8' title='bbox 592 258 684 319; x_wconf 88' lang='lat' dir='ltr'><strong>neque</strong></span> <span class='ocrx_word' id='word_1_9' title='bbox 698 238 843 315; x_wconf 83' lang='lat' dir='ltr'>respublica</span> <span class='ocrx_word' id='word_1_10' title='bbox 856 239 978 298; x_wconf 80' lang='lat' dir='ltr'><strong>consides</strong></span> <span class='ocrx_word' id='word_1_11' title='bbox 996 236 1085 301; x_wconf 61' lang='lat' dir='ltr'><strong>hebed</strong></span> 
     </span>
     <span class='ocr_line' id='line_1_3' title="bbox 211 315 1086 393; baseline 0.001 -17"><span class='ocrx_word' id='word_1_12' title='bbox 211 330 277 386; x_wconf 85' lang='lat' dir='ltr'><strong>tet,</strong></span> <span class='ocrx_word' id='word_1_13' title='bbox 302 318 349 375; x_wconf 92' lang='lat' dir='ltr'><strong>sed</strong></span> <span class='ocrx_word' id='word_1_14' title='bbox 367 331 530 376; x_wconf 84' lang='lat' dir='ltr'>mercatores</span> <span class='ocrx_word' id='word_1_15' title='bbox 549 319 778 393; x_wconf 88' lang='lat' dir='ltr'><strong>provinciarum,</strong></span> <span class='ocrx_word' id='word_1_16' title='bbox 798 317 827 374; x_wconf 74' lang='grc' dir='ltr'><strong>ὃ(</strong></span> <span class='ocrx_word' id='word_1_17' title='bbox 847 315 1014 374; x_wconf 83' lang='lat' dir='ltr'>seditionum</span> <span class='ocrx_word' id='word_1_18' title='bbox 1027 317 1086 391; x_wconf 57' lang='lat' dir='ltr'><strong>seru</strong></span> 
     </span>
     <span class='ocr_line' id='line_1_4' title="bbox 209 391 1085 470; baseline 0.003 -20"><span class='ocrx_word' id='word_1_19' title='bbox 209 411 279 463; x_wconf 81' lang='lat' dir='ltr'><strong>vos,</strong></span> <span class='ocrx_word' id='word_1_20' title='bbox 298 411 330 451; x_wconf 83' lang='lat' dir='ltr'><strong>ac</strong></span> <span class='ocrx_word' id='word_1_21' title='bbox 344 394 493 452; x_wconf 87' lang='lat' dir='ltr'><strong>ministros:</strong></span> <span class='ocrx_word' id='word_1_22' title='bbox 513 395 614 470; x_wconf 76' lang='lat' dir='ltr'><strong>4¹J&#39;ecit</strong></span> <span class='ocrx_word' id='word_1_23' title='bbox 627 393 740 470; x_wconf 86' lang='lat' dir='ltr'><strong>quidam</strong></span> <span class='ocrx_word' id='word_1_24' title='bbox 762 391 834 450; x_wconf 79' lang='lat' dir='ltr'><strong>etsus</strong></span> <span class='ocrx_word' id='word_1_25' title='bbox 855 404 938 466; x_wconf 84' lang='lat' dir='ltr'><strong>caput</strong></span> <span class='ocrx_word' id='word_1_26' title='bbox 958 410 1085 467; x_wconf 79' lang='lat' dir='ltr'><strong>meum,</strong></span> 
     </span>
     <span class='ocr_line' id='line_1_5' title="bbox 249 466 1091 537; baseline -0.005 -10"><span class='ocrx_word' id='word_1_27' title='bbox 249 468 286 527; x_wconf 85' lang='lat' dir='ltr'><strong>afr</strong></span> <span class='ocrx_word' id='word_1_28' title='bbox 300 471 454 528; x_wconf 78' lang='lat' dir='ltr'><strong>certaminis</strong></span> <span class='ocrx_word' id='word_1_29' title='bbox 467 469 543 528; x_wconf 83' lang='lat' dir='ltr'><strong>causa</strong></span> <span class='ocrx_word' id='word_1_30' title='bbox 557 471 586 528; x_wconf 90' lang='lat' dir='ltr'><strong>in</strong></span> <span class='ocrx_word' id='word_1_31' title='bbox 600 469 721 527; x_wconf 87' lang='lat' dir='ltr'><strong>mediam</strong></span> <span class='ocrx_word' id='word_1_32' title='bbox 736 468 966 537; x_wconf 87' lang='lat' dir='ltr'><strong>contentionem,</strong></span> <span class='ocrx_word' id='word_1_33' title='bbox 981 466 1091 529; x_wconf 87' lang='lat' dir='ltr'><strong>dissen·.</strong></span> 
     </span>
     <span class='ocr_line' id='line_1_6' title="bbox 221 542 1083 625; baseline 0.001 -22"><span class='ocrx_word' id='word_1_34' title='bbox 221 562 374 621; x_wconf 83' lang='lat' dir='ltr'><strong>ronemque</strong></span> <span class='ocrx_word' id='word_1_35' title='bbox 388 547 506 604; x_wconf 83' lang='lat' dir='ltr'><strong>civilem.</strong></span> <span class='ocrx_word' id='word_1_36' title='bbox 532 548 601 620; x_wconf 89' lang='lat' dir='ltr'><strong>Quo</strong></span> <span class='ocrx_word' id='word_1_37' title='bbox 615 547 644 603; x_wconf 92' lang='lat' dir='ltr'><strong>in</strong></span> <span class='ocrx_word' id='word_1_38' title='bbox 660 544 812 619; x_wconf 69' lang='lat' dir='ltr'><strong>discrimine</strong></span> <span class='ocrx_word' id='word_1_39' title='bbox 827 542 891 607; x_wconf 83' lang='lat' dir='ltr'><strong>citm</strong></span> <span class='ocrx_word' id='word_1_40' title='bbox 912 544 1083 625; x_wconf 77' lang='lat' dir='ltr'><strong>4²mirificus</strong></span> 
     </span>
     <span class='ocr_line' id='line_1_7' title="bbox 209 619 1084 697; baseline 0 -16"><span class='ocrx_word' id='word_1_41' title='bbox 209 620 330 691; x_wconf 81' lang='lat' dir='ltr'><strong>serratus,</strong></span> <span class='ocrx_word' id='word_1_42' title='bbox 349 623 510 682; x_wconf 88' lang='lat' dir='ltr'><strong>incredibilis</strong></span> <span class='ocrx_word' id='word_1_43' title='bbox 523 622 608 681; x_wconf 78' lang='lat' dir='ltr'><strong>ltaliae</strong></span> <span class='ocrx_word' id='word_1_44' title='bbox 622 622 723 692; x_wconf 89' lang='lat' dir='ltr'><strong>totius,</strong></span> <span class='ocrx_word' id='word_1_45' title='bbox 741 619 877 697; x_wconf 81' lang='lat' dir='ltr'><strong>singularis</strong></span> <span class='ocrx_word' id='word_1_46' title='bbox 892 621 1084 681; x_wconf 79' lang='lat' dir='ltr'><strong>omniumbo-</strong></span> 
     </span>
     <span class='ocr_line' id='line_1_8' title="bbox 976 714 1082 761; baseline 0.038 -4"><span class='ocrx_word' id='word_1_47' title='bbox 976 714 1082 761; x_wconf 77' lang='lat' dir='ltr'><strong>nomm</strong></span> 
     </span>
    </p>
   </div>
   <div class='ocr_carea' id='block_1_3' title="bbox 117 854 1089 3548">
    <p class='ocr_par' dir='ltr' id='par_1_3' title="bbox 117 854 1083 1422">
     <span class='ocr_line' id='line_1_9' title="bbox 209 854 1083 922; baseline 0.002 -17"><span class='ocrx_word' id='word_1_48' title='bbox 209 856 282 906; x_wconf 84' lang='lat' dir='ltr'><strong>slorio</strong></span> <span class='ocrx_word' id='word_1_49' title='bbox 293 858 393 922; x_wconf 87' lang='lat' dir='ltr'><strong>imperio</strong></span> <span class='ocrx_word' id='word_1_50' title='bbox 403 871 468 907; x_wconf 83' lang='lat' dir='ltr'><strong>extra</strong></span> <span class='ocrx_word' id='word_1_51' title='bbox 478 858 587 907; x_wconf 83' lang='lat' dir='ltr'><strong>ordinem</strong></span> <span class='ocrx_word' id='word_1_52' title='bbox 601 873 630 905; x_wconf 84' lang='lat' dir='ltr'><strong>err</strong></span> <span class='ocrx_word' id='word_1_53' title='bbox 642 863 662 906; x_wconf 89' lang='lat' dir='ltr'><strong>S.</strong></span> <span class='ocrx_word' id='word_1_54' title='bbox 671 861 700 906; x_wconf 64' lang='grc' dir='ltr'><strong>(λ</strong></span> <span class='ocrx_word' id='word_1_55' title='bbox 712 869 737 904; x_wconf 88' lang='lat' dir='ltr'><strong>ut</strong></span> <span class='ocrx_word' id='word_1_56' title='bbox 747 870 777 904; x_wconf 84' lang='lat' dir='ltr'><strong>ex</strong></span> <span class='ocrx_word' id='word_1_57' title='bbox 787 854 856 920; x_wconf 87' lang='lat' dir='ltr'><strong>ipsius</strong></span> <span class='ocrx_word' id='word_1_58' title='bbox 870 855 968 907; x_wconf 82' lang='lat' dir='ltr'><strong>Lentuli</strong></span> <span class='ocrx_word' id='word_1_59' title='bbox 982 855 1083 907; x_wconf 78' lang='lat' dir='ltr'><strong>denario</strong></span> 
     </span>
     <span class='ocr_line' id='line_1_10' title="bbox 210 917 1079 985; baseline 0.003 -17"><span class='ocrx_word' id='word_1_60' title='bbox 210 922 342 984; x_wconf 73' lang='lat' dir='ltr'><strong>¹intelligere</strong></span> <span class='ocrx_word' id='word_1_61' title='bbox 350 917 483 985; x_wconf 85' lang='lat' dir='ltr'><strong>possumus:</strong></span> <span class='ocrx_word' id='word_1_62' title='bbox 499 925 582 984; x_wconf 91' lang='lat' dir='ltr'><strong>inquo</strong></span> <span class='ocrx_word' id='word_1_63' title='bbox 593 919 728 983; x_wconf 89' lang='lat' dir='ltr'><strong>inscriptum</strong></span> <span class='ocrx_word' id='word_1_64' title='bbox 737 919 787 974; x_wconf 90' lang='lat' dir='ltr'><strong>est,</strong></span> <span class='ocrx_word' id='word_1_65' title='bbox 804 924 827 968; x_wconf 88' lang='lat' dir='ltr'><strong>P.</strong></span> <span class='ocrx_word' id='word_1_66' title='bbox 845 924 914 967; x_wconf 73' lang='lat' dir='ltr'><strong>Lurr</strong></span> <span class='ocrx_word' id='word_1_67' title='bbox 923 936 947 969; x_wconf 84' lang='grc' dir='ltr'><strong>τ.</strong></span> <span class='ocrx_word' id='word_1_68' title='bbox 966 923 989 970; x_wconf 82' lang='lat' dir='ltr'><strong>P.</strong></span> <span class='ocrx_word' id='word_1_69' title='bbox 1006 923 1033 969; x_wconf 82' lang='lat' dir='ltr'><strong>F.</strong></span> <span class='ocrx_word' id='word_1_70' title='bbox 1051 924 1079 971; x_wconf 75' lang='lat' dir='ltr'><strong>t.</strong></span> 
     </span>
     <span class='ocr_line' id='line_1_11' title="bbox 210 979 1081 1047; baseline 0.001 -17"><span class='ocrx_word' id='word_1_71' title='bbox 210 986 243 1030; x_wconf 83' lang='lat' dir='ltr'><strong>N.</strong></span> <span class='ocrx_word' id='word_1_72' title='bbox 259 990 292 1045; x_wconf 76' lang='lat' dir='ltr'>Q</span> <span class='ocrx_word' id='word_1_73' title='bbox 308 989 329 1031; x_wconf 83' lang='lat' dir='ltr'><strong>S.</strong></span> <span class='ocrx_word' id='word_1_74' title='bbox 347 988 382 1031; x_wconf 60' lang='grc' dir='ltr'><strong>(λ’</strong></span> <span class='ocrx_word' id='word_1_75' title='bbox 394 983 483 1033; x_wconf 80' lang='lat' dir='ltr'><strong>constat</strong></span> <span class='ocrx_word' id='word_1_76' title='bbox 492 999 571 1033; x_wconf 85' lang='lat' dir='ltr'><strong>autern</strong></span> <span class='ocrx_word' id='word_1_77' title='bbox 582 998 636 1031; x_wconf 88' lang='lat' dir='ltr'><strong>eum</strong></span> <span class='ocrx_word' id='word_1_78' title='bbox 647 982 768 1033; x_wconf 85' lang='lat' dir='ltr'><strong>demtrium</strong></span> <span class='ocrx_word' id='word_1_79' title='bbox 780 980 843 1029; x_wconf 83' lang='lat' dir='ltr'><strong>Oscae</strong></span> <span class='ocrx_word' id='word_1_80' title='bbox 852 979 982 1047; x_wconf 81' lang='lat' dir='ltr'><strong>percussum</strong></span> <span class='ocrx_word' id='word_1_81' title='bbox 992 979 1081 1041; x_wconf 80' lang='lat' dir='ltr'><strong>sitisse,</strong></span> 
     </span>
     <span class='ocr_line' id='line_1_12' title="bbox 210 1041 1082 1156; baseline 0.008 -66"><span class='ocrx_word' id='word_1_82' title='bbox 210 1059 268 1156; x_wconf 58' lang='lat' dir='ltr'><strong>qne</strong></span> <span class='ocrx_word' id='word_1_83' title='bbox 278 1044 310 1092; x_wconf 83' lang='lat' dir='ltr'><strong>est</strong></span> <span class='ocrx_word' id='word_1_84' title='bbox 325 1044 437 1108; x_wconf 68' lang='lat' dir='ltr'><strong>Hispanis</strong></span> <span class='ocrx_word' id='word_1_85' title='bbox 453 1047 524 1102; x_wconf 87' lang='lat' dir='ltr'><strong>urbs,</strong></span> <span class='ocrx_word' id='word_1_86' title='bbox 546 1049 569 1093; x_wconf 90' lang='lat' dir='ltr'><strong>in</strong></span> <span class='ocrx_word' id='word_1_87' title='bbox 585 1060 632 1111; x_wconf 80' lang='lat' dir='ltr'><strong>qua</strong></span> <span class='ocrx_word' id='word_1_88' title='bbox 651 1057 774 1109; x_wconf 83' lang='lat' dir='ltr'><strong>argeutum</strong></span> <span class='ocrx_word' id='word_1_89' title='bbox 793 1041 911 1107; x_wconf 77' lang='lat' dir='ltr'><strong>signatum</strong></span> <span class='ocrx_word' id='word_1_90' title='bbox 928 1059 943 1095; x_wconf 83' lang='lat' dir='ltr'>a</span> <span class='ocrx_word' id='word_1_91' title='bbox 961 1044 1082 1107; x_wconf 76' lang='lat' dir='ltr'><strong>Qaestote</strong></span> 
     </span>
     <span class='ocr_line' id='line_1_13' title="bbox 232 1106 590 1168; baseline 0.014 -15"><span class='ocrx_word' id='word_1_92' title='bbox 232 1106 278 1153; x_wconf 88' lang='lat' dir='ltr'><strong>risle</strong></span> <span class='ocrx_word' id='word_1_93' title='bbox 288 1107 411 1156; x_wconf 85' lang='lat' dir='ltr'><strong>verisrrnile</strong></span> <span class='ocrx_word' id='word_1_94' title='bbox 421 1109 459 1157; x_wconf 90' lang='lat' dir='ltr'><strong>est.</strong></span> <span class='ocrx_word' id='word_1_95' title='bbox 492 1110 590 1168; x_wconf 80' lang='lat' dir='ltr'><strong>vrfinus.</strong></span> 
     </span>
     <span class='ocr_line' id='line_1_14' title="bbox 243 1165 1078 1236; baseline 0.005 -21"><span class='ocrx_word' id='word_1_96' title='bbox 243 1186 282 1228; x_wconf 70' lang='grc' dir='ltr'><strong>μ.</strong></span> <span class='ocrx_word' id='word_1_97' title='bbox 300 1171 358 1228; x_wconf 57' lang='lat' dir='ltr'><strong>itt-ir</strong></span> <span class='ocrx_word' id='word_1_98' title='bbox 370 1173 429 1231; x_wconf 75' lang='lat' dir='ltr'><strong>casus</strong></span> <span class='ocrx_word' id='word_1_99' title='bbox 439 1174 547 1236; x_wconf 54' lang='lat' dir='ltr'><strong>quamq</strong></span> <span class='ocrx_word' id='word_1_100' title='bbox 563 1172 646 1234; x_wconf 85' lang='lat' dir='ltr'><strong>Iniqua</strong></span> <span class='ocrx_word' id='word_1_101' title='bbox 656 1167 763 1235; x_wconf 80' lang='lat' dir='ltr'><strong>quedam</strong></span> <span class='ocrx_word' id='word_1_102' title='bbox 772 1165 867 1216; x_wconf 83' lang='lat' dir='ltr'><strong>fortuna</strong></span> <span class='ocrx_word' id='word_1_103' title='bbox 877 1170 1036 1233; x_wconf 71' lang='lat' dir='ltr'><strong>comparavit,</strong></span> <span class='ocrx_word' id='word_1_104' title='bbox 1053 1182 1078 1219; x_wconf 86' lang='lat' dir='ltr'><strong>ut</strong></span> 
     </span>
     <span class='ocr_line' id='line_1_15' title="bbox 213 1229 1077 1296; baseline 0.005 -18"><span class='ocrx_word' id='word_1_105' title='bbox 213 1229 244 1277; x_wconf 78' lang='lat' dir='ltr'><strong>de</strong></span> <span class='ocrx_word' id='word_1_106' title='bbox 259 1247 315 1279; x_wconf 89' lang='lat' dir='ltr'><strong>meo</strong></span> <span class='ocrx_word' id='word_1_107' title='bbox 330 1234 405 1294; x_wconf 84' lang='lat' dir='ltr'><strong>eapite</strong></span> <span class='ocrx_word' id='word_1_108' title='bbox 420 1249 446 1282; x_wconf 83' lang='lat' dir='ltr'><strong>ac</strong></span> <span class='ocrx_word' id='word_1_109' title='bbox 463 1234 553 1290; x_wconf 87' lang='lat' dir='ltr'><strong>salute,</strong></span> <span class='ocrx_word' id='word_1_110' title='bbox 568 1233 672 1280; x_wconf 89' lang='lat' dir='ltr'><strong>tumultu</strong></span> <span class='ocrx_word' id='word_1_111' title='bbox 685 1233 804 1288; x_wconf 81' lang='lat' dir='ltr'><strong>excitato,</strong></span> <span class='ocrx_word' id='word_1_112' title='bbox 821 1243 945 1280; x_wconf 80' lang='lat' dir='ltr'><strong>certaretur</strong></span> <span class='ocrx_word' id='word_1_113' title='bbox 960 1234 986 1280; x_wconf 71' lang='grc' dir='ltr'><strong>ἃ</strong></span> <span class='ocrx_word' id='word_1_114' title='bbox 1001 1244 1077 1296; x_wconf 75' lang='lat' dir='ltr'><strong>partes</strong></span> 
     </span>
     <span class='ocr_line' id='line_1_16' title="bbox 117 1291 1076 1362; baseline 0.004 -19"><span class='ocrx_word' id='word_1_115' title='bbox 117 1350 120 1355; x_wconf 31' lang='lat'>¹</span> <span class='ocrx_word' id='word_1_116' title='bbox 214 1292 353 1351; x_wconf 73' lang='lat' dir='ltr'><strong>existerent,</strong></span> <span class='ocrx_word' id='word_1_117' title='bbox 367 1294 424 1344; x_wconf 89' lang='lat' dir='ltr'><strong>dum</strong></span> <span class='ocrx_word' id='word_1_118' title='bbox 433 1297 533 1362; x_wconf 84' lang='lat' dir='ltr'><strong>improbi</strong></span> <span class='ocrx_word' id='word_1_119' title='bbox 545 1311 584 1344; x_wconf 89' lang='lat' dir='ltr'><strong>me</strong></span> <span class='ocrx_word' id='word_1_120' title='bbox 592 1295 721 1360; x_wconf 81' lang='lat' dir='ltr'><strong>perditum,</strong></span> <span class='ocrx_word' id='word_1_121' title='bbox 737 1293 795 1341; x_wconf 88' lang='lat' dir='ltr'><strong>boni</strong></span> <span class='ocrx_word' id='word_1_122' title='bbox 806 1291 895 1344; x_wconf 76' lang='lat' dir='ltr'><strong>srtlrum</strong></span> <span class='ocrx_word' id='word_1_123' title='bbox 906 1296 1009 1358; x_wconf 85' lang='lat' dir='ltr'><strong>cupiunt.</strong></span> <span class='ocrx_word' id='word_1_124' title='bbox 1020 1298 1076 1347; x_wconf 74' lang='lat' dir='ltr'><strong>Foc-</strong></span> 
     </span>
     <span class='ocr_line' id='line_1_17' title="bbox 215 1358 754 1422; baseline 0.006 -18"><span class='ocrx_word' id='word_1_125' title='bbox 215 1368 253 1405; x_wconf 87' lang='lat' dir='ltr'><strong>tt:</strong></span> <span class='ocrx_word' id='word_1_126' title='bbox 269 1358 329 1421; x_wconf 69' lang='lat' dir='ltr'><strong>qdast</strong></span> <span class='ocrx_word' id='word_1_127' title='bbox 338 1363 458 1406; x_wconf 66' lang='lat' dir='ltr'><strong>certaminis</strong></span> <span class='ocrx_word' id='word_1_128' title='bbox 469 1361 566 1421; x_wconf 72' lang='lat' dir='ltr'><strong>cauffcnr.</strong></span> <span class='ocrx_word' id='word_1_129' title='bbox 584 1360 605 1422; x_wconf 77' lang='lat' dir='ltr'><strong>J.</strong></span> <span class='ocrx_word' id='word_1_130' title='bbox 613 1361 637 1406; x_wconf 85' lang='lat' dir='ltr'><strong>F.</strong></span> <span class='ocrx_word' id='word_1_131' title='bbox 647 1363 754 1407; x_wconf 76' lang='lat' dir='ltr'><strong>Gronov-</strong></span> 
     </span>
    </p>

    <p class='ocr_par' dir='ltr' id='par_1_4' title="bbox 177 1419 1079 2734">
     <span class='ocr_line' id='line_1_18' title="bbox 177 1419 1077 1485; baseline 0.001 -18"><span class='ocrx_word' id='word_1_132' title='bbox 177 1419 180 1423; x_wconf 72' lang='grc'><strong>’</strong></span> <span class='ocrx_word' id='word_1_133' title='bbox 249 1437 287 1478; x_wconf 66' lang='lat'><strong>42³</strong></span> <span class='ocrx_word' id='word_1_134' title='bbox 303 1422 401 1480; x_wconf 64' lang='lat' dir='ltr'><strong>Mirifice</strong></span> <span class='ocrx_word' id='word_1_135' title='bbox 411 1424 513 1482; x_wconf 75' lang='lat' dir='ltr'><strong>serratus,</strong></span> <span class='ocrx_word' id='word_1_136' title='bbox 529 1422 657 1468; x_wconf 77' lang='lat' dir='ltr'><strong>incredibilis</strong></span> <span class='ocrx_word' id='word_1_137' title='bbox 672 1422 740 1466; x_wconf 75' lang='lat' dir='ltr'><strong>Italic</strong></span> <span class='ocrx_word' id='word_1_138' title='bbox 756 1422 837 1475; x_wconf 82' lang='lat' dir='ltr'><strong>totius,</strong></span> <span class='ocrx_word' id='word_1_139' title='bbox 853 1420 969 1485; x_wconf 56' lang='lat' dir='ltr'><strong>stipularis</strong></span> <span class='ocrx_word' id='word_1_140' title='bbox 984 1424 1077 1471; x_wconf 69' lang='lat' dir='ltr'><strong>omnim</strong></span> 
     </span>
     <span class='ocr_line' id='line_1_19' title="bbox 212 1481 1075 1544; baseline 0.007 -17"><span class='ocrx_word' id='word_1_141' title='bbox 212 1481 311 1529; x_wconf 70' lang='lat' dir='ltr'><strong>detrorum</strong></span> <span class='ocrx_word' id='word_1_142' title='bbox 320 1484 441 1543; x_wconf 58' lang='lat' dir='ltr'><strong>constitissem]</strong></span> <span class='ocrx_word' id='word_1_143' title='bbox 462 1484 538 1533; x_wconf 76' lang='lat' dir='ltr'><strong>Verba</strong></span> <span class='ocrx_word' id='word_1_144' title='bbox 552 1484 610 1539; x_wconf 81' lang='lat' dir='ltr'><strong>illa,</strong></span> <span class='ocrx_word' id='word_1_145' title='bbox 627 1483 719 1544; x_wconf 72' lang='lat' dir='ltr'><strong>mirifica</strong></span> <span class='ocrx_word' id='word_1_146' title='bbox 736 1485 761 1530; x_wconf 89' lang='lat'>&amp;</span> <span class='ocrx_word' id='word_1_147' title='bbox 776 1483 878 1543; x_wconf 75' lang='lat' dir='ltr'><strong>consensus</strong></span> <span class='ocrx_word' id='word_1_148' title='bbox 893 1498 943 1532; x_wconf 81' lang='lat' dir='ltr'><strong>non</strong></span> <span class='ocrx_word' id='word_1_149' title='bbox 959 1483 1075 1537; x_wconf 69' lang='lat' dir='ltr'><strong>cohaetent</strong></span> 
     </span>
     <span class='ocr_line' id='line_1_20' title="bbox 215 1542 1075 1608; baseline 0.006 -18"><span class='ocrx_word' id='word_1_150' title='bbox 215 1545 278 1592; x_wconf 84' lang='lat' dir='ltr'><strong>inter</strong></span> <span class='ocrx_word' id='word_1_151' title='bbox 285 1542 325 1600; x_wconf 90' lang='lat' dir='ltr'><strong>se,</strong></span> <span class='ocrx_word' id='word_1_152' title='bbox 340 1558 366 1591; x_wconf 91' lang='lat' dir='ltr'><strong>ut</strong></span> <span class='ocrx_word' id='word_1_153' title='bbox 377 1559 457 1608; x_wconf 81' lang='lat' dir='ltr'><strong>patet:</strong></span> <span class='ocrx_word' id='word_1_154' title='bbox 473 1562 557 1595; x_wconf 90' lang='lat' dir='ltr'><strong>omnes</strong></span> <span class='ocrx_word' id='word_1_155' title='bbox 572 1559 653 1593; x_wconf 83' lang='lat' dir='ltr'><strong>tamen</strong></span> <span class='ocrx_word' id='word_1_156' title='bbox 666 1545 749 1593; x_wconf 85' lang='lat' dir='ltr'><strong>vetusti</strong></span> <span class='ocrx_word' id='word_1_157' title='bbox 762 1543 852 1592; x_wconf 89' lang='lat' dir='ltr'><strong>codices</strong></span> <span class='ocrx_word' id='word_1_158' title='bbox 867 1544 928 1592; x_wconf 80' lang='lat' dir='ltr'><strong>hane</strong></span> <span class='ocrx_word' id='word_1_159' title='bbox 948 1545 1075 1596; x_wconf 61' lang='lat' dir='ltr'><strong>lectionem</strong></span> 
     </span>
     <span class='ocr_line' id='line_1_21' title="bbox 214 1606 1075 1672; baseline 0 -17"><span class='ocrx_word' id='word_1_160' title='bbox 214 1609 330 1663; x_wconf 70' lang='lat' dir='ltr'><strong>minent,</strong></span> <span class='ocrx_word' id='word_1_161' title='bbox 345 1622 418 1672; x_wconf 76' lang='lat' dir='ltr'><strong>quarn</strong></span> <span class='ocrx_word' id='word_1_162' title='bbox 428 1613 500 1658; x_wconf 79' lang='lat' dir='ltr'><strong>eriam</strong></span> <span class='ocrx_word' id='word_1_163' title='bbox 511 1613 535 1658; x_wconf 89' lang='lat' dir='ltr'><strong>in</strong></span> <span class='ocrx_word' id='word_1_164' title='bbox 544 1606 656 1672; x_wconf 83' lang='lat' dir='ltr'><strong>impressis</strong></span> <span class='ocrx_word' id='word_1_165' title='bbox 667 1606 803 1671; x_wconf 82' lang='lat' dir='ltr'><strong>quibusdam</strong></span> <span class='ocrx_word' id='word_1_166' title='bbox 812 1607 925 1656; x_wconf 81' lang='lat' dir='ltr'><strong>invenias.</strong></span> <span class='ocrx_word' id='word_1_167' title='bbox 936 1606 978 1655; x_wconf 83' lang='lat' dir='ltr'><strong>et&#39;sr</strong></span> <span class='ocrx_word' id='word_1_168' title='bbox 988 1610 1014 1655; x_wconf 88' lang='lat' dir='ltr'><strong>in</strong></span> <span class='ocrx_word' id='word_1_169' title='bbox 1026 1610 1075 1661; x_wconf 74' lang='lat' dir='ltr'><strong>aliie</strong></span> 
     </span>
     <span class='ocr_line' id='line_1_22' title="bbox 216 1667 1076 1733; baseline 0.007 -18"><span class='ocrx_word' id='word_1_170' title='bbox 216 1670 257 1731; x_wconf 89' lang='lat' dir='ltr'><strong>qui</strong></span> <span class='ocrx_word' id='word_1_171' title='bbox 267 1667 422 1727; x_wconf 68' lang='lat' dir='ltr'><strong>facilitatem,</strong></span> <span class='ocrx_word' id='word_1_172' title='bbox 439 1675 464 1720; x_wconf 76' lang='grc' dir='ltr'><strong>δι</strong></span> <span class='ocrx_word' id='word_1_173' title='bbox 479 1673 609 1719; x_wconf 77' lang='lat' dir='ltr'><strong>claritatem</strong></span> <span class='ocrx_word' id='word_1_174' title='bbox 624 1669 694 1719; x_wconf 77' lang='lat' dir='ltr'><strong>secuti</strong></span> <span class='ocrx_word' id='word_1_175' title='bbox 709 1669 778 1726; x_wconf 86' lang='lat' dir='ltr'><strong>sirnt,</strong></span> <span class='ocrx_word' id='word_1_176' title='bbox 799 1670 894 1729; x_wconf 52' lang='lat' dir='ltr'><strong>conseviſse</strong></span> <span class='ocrx_word' id='word_1_177' title='bbox 909 1668 1076 1733; x_wconf 85' lang='lat' dir='ltr'><strong>reposueruut,</strong></span> 
     </span>
     <span class='ocr_line' id='line_1_23' title="bbox 215 1732 1076 1798; baseline 0.002 -17"><span class='ocrx_word' id='word_1_178' title='bbox 215 1745 259 1798; x_wconf 76' lang='lat' dir='ltr'><strong>pro</strong></span> <span class='ocrx_word' id='word_1_179' title='bbox 274 1734 383 1795; x_wconf 68' lang='lat' dir='ltr'><strong>consensus.</strong></span> <span class='ocrx_word' id='word_1_180' title='bbox 422 1733 557 1782; x_wconf 84' lang='lat' dir='ltr'><strong>roculdubio</strong></span> <span class='ocrx_word' id='word_1_181' title='bbox 573 1734 686 1798; x_wconf 67' lang='lat' dir='ltr'><strong>piamun,</strong></span> <span class='ocrx_word' id='word_1_182' title='bbox 707 1736 732 1782; x_wconf 70' lang='grc' dir='ltr'><strong>ὃ(</strong></span> <span class='ocrx_word' id='word_1_183' title='bbox 753 1746 857 1796; x_wconf 81' lang='lat' dir='ltr'><strong>apertam</strong></span> <span class='ocrx_word' id='word_1_184' title='bbox 872 1732 1019 1790; x_wconf 70' lang='lat' dir='ltr'><strong>leffiunem,</strong></span> <span class='ocrx_word' id='word_1_185' title='bbox 1034 1732 1076 1783; x_wconf 85' lang='lat' dir='ltr'><strong>uisi</strong></span> 
     </span>
     <span class='ocr_line' id='line_1_24' title="bbox 215 1749 1077 1862; baseline 0.008 -22"><span class='ocrx_word' id='word_1_186' title='bbox 215 1792 358 1842; x_wconf 81' lang='lat' dir='ltr'><strong>vetustorum</strong></span> <span class='ocrx_word' id='word_1_187' title='bbox 373 1749 480 1844; x_wconf 79' lang='lat' dir='ltr'><strong>codicum</strong></span> <span class='ocrx_word' id='word_1_188' title='bbox 495 1797 617 1844; x_wconf 76' lang='lat' dir='ltr'><strong>auctoritas</strong></span> <span class='ocrx_word' id='word_1_189' title='bbox 637 1806 755 1862; x_wconf 79' lang='lat' dir='ltr'><strong>repugnet.</strong></span> <span class='ocrx_word' id='word_1_190' title='bbox 789 1793 889 1843; x_wconf 80' lang='lat' dir='ltr'><strong>Videant</strong></span> <span class='ocrx_word' id='word_1_191' title='bbox 903 1795 974 1858; x_wconf 86' lang='lat' dir='ltr'><strong>igitur</strong></span> <span class='ocrx_word' id='word_1_192' title='bbox 994 1792 1077 1847; x_wconf 85' lang='lat' dir='ltr'><strong>erriditi</strong></span> 
     </span>
     <span class='ocr_line' id='line_1_25' title="bbox 216 1854 1076 1921; baseline 0.007 -18"><span class='ocrx_word' id='word_1_193' title='bbox 216 1858 259 1904; x_wconf 82' lang='lat' dir='ltr'><strong>viri</strong></span> <span class='ocrx_word' id='word_1_194' title='bbox 271 1856 394 1920; x_wconf 87' lang='lat' dir='ltr'><strong>quomodo</strong></span> <span class='ocrx_word' id='word_1_195' title='bbox 405 1858 466 1906; x_wconf 85' lang='lat' dir='ltr'><strong>hunc</strong></span> <span class='ocrx_word' id='word_1_196' title='bbox 475 1860 556 1907; x_wconf 90' lang='lat' dir='ltr'><strong>locum</strong></span> <span class='ocrx_word' id='word_1_197' title='bbox 570 1858 684 1907; x_wconf 69' lang='lat' dir='ltr'><strong>tueantur.</strong></span> <span class='ocrx_word' id='word_1_198' title='bbox 718 1859 864 1921; x_wconf 77' lang='lat' dir='ltr'><strong>scimusnos</strong></span> <span class='ocrx_word' id='word_1_199' title='bbox 878 1854 1023 1921; x_wconf 84' lang='lat' dir='ltr'><strong>quandoque</strong></span> <span class='ocrx_word' id='word_1_200' title='bbox 1038 1874 1076 1909; x_wconf 82' lang='lat' dir='ltr'><strong>ve-</strong></span> 
     </span>
     <span class='ocr_line' id='line_1_26' title="bbox 216 1918 1077 1984; baseline 0.007 -19"><span class='ocrx_word' id='word_1_201' title='bbox 216 1931 276 1967; x_wconf 84' lang='lat' dir='ltr'><strong>teres</strong></span> <span class='ocrx_word' id='word_1_202' title='bbox 291 1923 459 1983; x_wconf 79' lang='lat' dir='ltr'><strong>grunrrnrrticos</strong></span> <span class='ocrx_word' id='word_1_203' title='bbox 477 1923 502 1970; x_wconf 91' lang='lat' dir='ltr'><strong>in</strong></span> <span class='ocrx_word' id='word_1_204' title='bbox 515 1920 579 1969; x_wconf 88' lang='lat' dir='ltr'><strong>libris</strong></span> <span class='ocrx_word' id='word_1_205' title='bbox 595 1922 715 1968; x_wconf 88' lang='lat' dir='ltr'><strong>Ciceronis</strong></span> <span class='ocrx_word' id='word_1_206' title='bbox 726 1918 840 1984; x_wconf 79' lang='lat' dir='ltr'><strong>quosdnm</strong></span> <span class='ocrx_word' id='word_1_207' title='bbox 850 1919 916 1967; x_wconf 90' lang='lat' dir='ltr'><strong>locos</strong></span> <span class='ocrx_word' id='word_1_208' title='bbox 932 1918 1036 1979; x_wconf 75' lang='lat' dir='ltr'><strong>notasse,</strong></span> <span class='ocrx_word' id='word_1_209' title='bbox 1052 1923 1077 1971; x_wconf 86' lang='lat' dir='ltr'><strong>iu</strong></span> 
     </span>
     <span class='ocr_line' id='line_1_27' title="bbox 216 1979 1078 2044; baseline 0.007 -16"><span class='ocrx_word' id='word_1_210' title='bbox 216 1979 300 2044; x_wconf 87' lang='lat' dir='ltr'><strong>quibus</strong></span> <span class='ocrx_word' id='word_1_211' title='bbox 314 1981 458 2034; x_wconf 85' lang='lat' dir='ltr'><strong>soloecismus</strong></span> <span class='ocrx_word' id='word_1_212' title='bbox 475 1981 544 2035; x_wconf 81' lang='lat' dir='ltr'><strong>inesse</strong></span> <span class='ocrx_word' id='word_1_213' title='bbox 560 1982 692 2031; x_wconf 77' lang='lat' dir='ltr'><strong>videretur:</strong></span> <span class='ocrx_word' id='word_1_214' title='bbox 708 1984 734 2029; x_wconf 88' lang='lat' dir='ltr'><strong>in</strong></span> <span class='ocrx_word' id='word_1_215' title='bbox 749 1983 866 2031; x_wconf 87' lang='lat' dir='ltr'><strong>orationis</strong></span> <span class='ocrx_word' id='word_1_216' title='bbox 882 1984 947 2031; x_wconf 86' lang='lat' dir='ltr'><strong>enim</strong></span> <span class='ocrx_word' id='word_1_217' title='bbox 965 1982 1031 2033; x_wconf 80' lang='lat' dir='ltr'><strong>otrt&#39;u</strong></span> <span class='ocrx_word' id='word_1_218' title='bbox 1049 1999 1078 2034; x_wconf 75' lang='lat' dir='ltr'><strong>ec</strong></span> 
     </span>
     <span class='ocr_line' id='line_1_28' title="bbox 216 2043 1079 2153; baseline 0.006 -63"><span class='ocrx_word' id='word_1_219' title='bbox 216 2043 297 2108; x_wconf 77' lang='lat' dir='ltr'><strong>quand</strong></span> <span class='ocrx_word' id='word_1_220' title='bbox 331 2061 360 2094; x_wconf 85' lang='lat' dir='ltr'><strong>tre</strong></span> <span class='ocrx_word' id='word_1_221' title='bbox 375 2063 422 2093; x_wconf 86' lang='lat' dir='ltr'><strong>vox</strong></span> <span class='ocrx_word' id='word_1_222' title='bbox 439 2048 501 2102; x_wconf 85' lang='lat' dir='ltr'><strong>exit,</strong></span> <span class='ocrx_word' id='word_1_223' title='bbox 517 2061 568 2110; x_wconf 79' lang='lat' dir='ltr'><strong>quae</strong></span> <span class='ocrx_word' id='word_1_224' title='bbox 587 2060 669 2109; x_wconf 75' lang='lat' dir='ltr'><strong>parurn</strong></span> <span class='ocrx_word' id='word_1_225' title='bbox 689 2044 810 2108; x_wconf 85' lang='lat' dir='ltr'><strong>respondet</strong></span> <span class='ocrx_word' id='word_1_226' title='bbox 826 2043 934 2153; x_wconf 73' lang='lat' dir='ltr'><strong>superiori</strong></span> <span class='ocrx_word' id='word_1_227' title='bbox 948 2043 1079 2105; x_wconf 69' lang='lat' dir='ltr'><strong>strudlum,</strong></span> 
     </span>
     <span class='ocr_line' id='line_1_29' title="bbox 216 2106 1076 2161; baseline 0.007 -7"><span class='ocrx_word' id='word_1_228' title='bbox 216 2111 248 2154; x_wconf 77' lang='lat' dir='ltr'><strong>a&#39;n</strong></span> <span class='ocrx_word' id='word_1_229' title='bbox 261 2106 317 2160; x_wconf 84' lang='lat' dir='ltr'><strong>huiu</strong></span> <span class='ocrx_word' id='word_1_230' title='bbox 327 2108 393 2155; x_wconf 87' lang='lat' dir='ltr'><strong>modi</strong></span> <span class='ocrx_word' id='word_1_231' title='bbox 407 2108 436 2155; x_wconf 86' lang='lat' dir='ltr'><strong>lit</strong></span> <span class='ocrx_word' id='word_1_232' title='bbox 457 2111 521 2155; x_wconf 87' lang='lat' dir='ltr'><strong>loeus</strong></span> <span class='ocrx_word' id='word_1_233' title='bbox 546 2122 650 2155; x_wconf 75' lang='lat' dir='ltr'><strong>accurare</strong></span> <span class='ocrx_word' id='word_1_234' title='bbox 672 2107 846 2154; x_wconf 78' lang='lat' dir='ltr'><strong>:rninradverten</strong></span> <span class='ocrx_word' id='word_1_235' title='bbox 863 2122 904 2155; x_wconf 89' lang='lat' dir='ltr'><strong>um</strong></span> <span class='ocrx_word' id='word_1_236' title='bbox 923 2106 963 2156; x_wconf 86' lang='lat' dir='ltr'><strong>est.</strong></span> <span class='ocrx_word' id='word_1_237' title='bbox 998 2112 1076 2161; x_wconf 67' lang='lat' dir='ltr'><strong>Virro.</strong></span> 
     </span>
     <span class='ocr_line' id='line_1_30' title="bbox 214 2168 1077 2277; baseline 0.008 -63"><span class='ocrx_word' id='word_1_238' title='bbox 214 2168 279 2277; x_wconf 42' lang='lat' dir='ltr'><strong>Qid</strong></span> <span class='ocrx_word' id='word_1_239' title='bbox 290 2169 318 2215; x_wconf 89' lang='lat' dir='ltr'><strong>de</strong></span> <span class='ocrx_word' id='word_1_240' title='bbox 329 2170 374 2217; x_wconf 88' lang='lat' dir='ltr'><strong>lroc</strong></span> <span class='ocrx_word' id='word_1_241' title='bbox 384 2171 439 2218; x_wconf 89' lang='lat' dir='ltr'><strong>loeo</strong></span> <span class='ocrx_word' id='word_1_242' title='bbox 451 2169 595 2225; x_wconf 87' lang='lat' dir='ltr'><strong>senserimus,</strong></span> <span class='ocrx_word' id='word_1_243' title='bbox 611 2169 680 2217; x_wconf 87' lang='lat' dir='ltr'><strong>facile</strong></span> <span class='ocrx_word' id='word_1_244' title='bbox 690 2172 730 2231; x_wconf 87' lang='lat' dir='ltr'><strong>qui</strong></span> <span class='ocrx_word' id='word_1_245' title='bbox 742 2170 805 2224; x_wconf 88' lang='lat' dir='ltr'><strong>vult,</strong></span> <span class='ocrx_word' id='word_1_246' title='bbox 820 2170 936 2234; x_wconf 84' lang='lat' dir='ltr'><strong>intelliget</strong></span> <span class='ocrx_word' id='word_1_247' title='bbox 948 2203 955 2225; x_wconf 93' lang='lat'>‚</span> <span class='ocrx_word' id='word_1_248' title='bbox 971 2184 1024 2219; x_wconf 89' lang='lat' dir='ltr'><strong>tuto</strong></span> <span class='ocrx_word' id='word_1_249' title='bbox 1040 2171 1077 2235; x_wconf 89' lang='lat' dir='ltr'><strong>(ut</strong></span> 
     </span>
     <span class='ocr_line' id='line_1_31' title="bbox 214 2230 1078 2307; baseline 0.005 -29"><span class='ocrx_word' id='word_1_250' title='bbox 214 2245 240 2279; x_wconf 83' lang='lat' dir='ltr'><strong>ar</strong></span> <span class='ocrx_word' id='word_1_251' title='bbox 255 2232 363 2294; x_wconf 85' lang='lat' dir='ltr'><strong>itrarnur)</strong></span> <span class='ocrx_word' id='word_1_252' title='bbox 379 2234 404 2280; x_wconf 85' lang='lat' dir='ltr'><strong>in</strong></span> <span class='ocrx_word' id='word_1_253' title='bbox 417 2249 516 2281; x_wconf 87' lang='lat' dir='ltr'><strong>ornnem</strong></span> <span class='ocrx_word' id='word_1_254' title='bbox 533 2245 623 2296; x_wconf 82' lang='lat' dir='ltr'><strong>partem</strong></span> <span class='ocrx_word' id='word_1_255' title='bbox 638 2249 645 2277; x_wconf 74' lang='grc' dir='ltr'><strong><em>ε</em></strong></span> <span class='ocrx_word' id='word_1_256' title='bbox 660 2247 717 2280; x_wconf 86' lang='lat' dir='ltr'><strong>nam</strong></span> <span class='ocrx_word' id='word_1_257' title='bbox 731 2244 833 2279; x_wconf 84' lang='lat' dir='ltr'><strong>veterem</strong></span> <span class='ocrx_word' id='word_1_258' title='bbox 847 2230 980 2296; x_wconf 87' lang='lat' dir='ltr'><strong>scripturam</strong></span> <span class='ocrx_word' id='word_1_259' title='bbox 990 2248 1078 2307; x_wconf 87' lang='lat' dir='ltr'><strong>propo-</strong></span> 
     </span>
     <span class='ocr_line' id='line_1_32' title="bbox 214 2290 1077 2360; baseline 0.001 -17"><span class='ocrx_word' id='word_1_260' title='bbox 214 2290 319 2351; x_wconf 90' lang='lat' dir='ltr'><strong>suimus,</strong></span> <span class='ocrx_word' id='word_1_261' title='bbox 334 2294 392 2358; x_wconf 88' lang='lat' dir='ltr'><strong>quid</strong></span> <span class='ocrx_word' id='word_1_262' title='bbox 402 2293 498 2360; x_wconf 78' lang='lat' dir='ltr'><strong>scrupuli</strong></span> <span class='ocrx_word' id='word_1_263' title='bbox 508 2297 533 2343; x_wconf 90' lang='lat' dir='ltr'><strong>in</strong></span> <span class='ocrx_word' id='word_1_264' title='bbox 543 2295 586 2344; x_wconf 81' lang='lat' dir='ltr'><strong>illu</strong></span> <span class='ocrx_word' id='word_1_265' title='bbox 594 2291 649 2343; x_wconf 83' lang='lat' dir='ltr'><strong>ess&#39;et</strong></span> <span class='ocrx_word' id='word_1_266' title='bbox 661 2293 712 2357; x_wconf 78' lang='lat' dir='ltr'><strong>(ersi</strong></span> <span class='ocrx_word' id='word_1_267' title='bbox 724 2293 832 2342; x_wconf 85' lang='lat' dir='ltr'><strong>omnibus</strong></span> <span class='ocrx_word' id='word_1_268' title='bbox 843 2309 856 2341; x_wconf 83' lang='lat' dir='ltr'><strong>u</strong></span> <span class='ocrx_word' id='word_1_269' title='bbox 873 2308 948 2343; x_wconf 87' lang='lat' dir='ltr'><strong>ertum</strong></span> <span class='ocrx_word' id='word_1_270' title='bbox 963 2296 1024 2360; x_wconf 84' lang='lat' dir='ltr'><strong>erat)</strong></span> <span class='ocrx_word' id='word_1_271' title='bbox 1039 2312 1077 2346; x_wconf 89' lang='lat' dir='ltr'><strong>rn-</strong></span> 
     </span>
     <span class='ocr_line' id='line_1_33' title="bbox 213 2354 1077 2423; baseline 0.002 -18"><span class='ocrx_word' id='word_1_272' title='bbox 213 2355 355 2407; x_wconf 80' lang='lat' dir='ltr'><strong>dictrirnus:</strong></span> <span class='ocrx_word' id='word_1_273' title='bbox 374 2358 498 2423; x_wconf 89' lang='lat' dir='ltr'><strong>quomodo</strong></span> <span class='ocrx_word' id='word_1_274' title='bbox 507 2360 578 2406; x_wconf 81' lang='lat' dir='ltr'><strong>etiarn</strong></span> <span class='ocrx_word' id='word_1_275' title='bbox 592 2356 655 2405; x_wconf 83' lang='lat' dir='ltr'><strong>labes</strong></span> <span class='ocrx_word' id='word_1_276' title='bbox 670 2356 733 2406; x_wconf 72' lang='lat' dir='ltr'><strong>fasta</strong></span> <span class='ocrx_word' id='word_1_277' title='bbox 747 2354 792 2404; x_wconf 80' lang='lat' dir='ltr'><strong>esse</strong></span> <span class='ocrx_word' id='word_1_278' title='bbox 806 2372 837 2421; x_wconf 87' lang='lat' dir='ltr'><strong>po</strong></span> <span class='ocrx_word' id='word_1_279' title='bbox 858 2370 898 2413; x_wconf 87' lang='lat' dir='ltr'><strong>er,</strong></span> <span class='ocrx_word' id='word_1_280' title='bbox 914 2357 1077 2422; x_wconf 83' lang='lat' dir='ltr'><strong>exposuimus:</strong></span> 
     </span>
     <span class='ocr_line' id='line_1_34' title="bbox 214 2418 1077 2484; baseline 0.006 -18"><span class='ocrx_word' id='word_1_281' title='bbox 214 2418 343 2467; x_wconf 75' lang='lat' dir='ltr'><strong>lestionern</strong></span> <span class='ocrx_word' id='word_1_282' title='bbox 353 2420 420 2468; x_wconf 86' lang='lat' dir='ltr'><strong>illam</strong></span> <span class='ocrx_word' id='word_1_283' title='bbox 430 2419 498 2469; x_wconf 91' lang='lat' dir='ltr'><strong>secuti</strong></span> <span class='ocrx_word' id='word_1_284' title='bbox 509 2419 597 2476; x_wconf 89' lang='lat' dir='ltr'><strong>sumus,</strong></span> <span class='ocrx_word' id='word_1_285' title='bbox 614 2435 686 2484; x_wconf 79' lang='lat' dir='ltr'><strong>quam</strong></span> <span class='ocrx_word' id='word_1_286' title='bbox 697 2421 769 2467; x_wconf 72' lang='lat' dir='ltr'><strong>etiarn</strong></span> <span class='ocrx_word' id='word_1_287' title='bbox 780 2423 822 2482; x_wconf 89' lang='lat' dir='ltr'><strong>qui</strong></span> <span class='ocrx_word' id='word_1_288' title='bbox 830 2434 891 2468; x_wconf 89' lang='lat' dir='ltr'><strong>nunc</strong></span> <span class='ocrx_word' id='word_1_289' title='bbox 901 2436 945 2468; x_wconf 87' lang='lat' dir='ltr'><strong>nos</strong></span> <span class='ocrx_word' id='word_1_290' title='bbox 956 2420 1077 2480; x_wconf 83' lang='lat' dir='ltr'><strong>accrtsant,</strong></span> 
     </span>
     <span class='ocr_line' id='line_1_35' title="bbox 215 2479 1077 2545; baseline 0.005 -15"><span class='ocrx_word' id='word_1_291' title='bbox 215 2495 286 2530; x_wconf 78' lang='lat' dir='ltr'><strong>anteo</strong></span> <span class='ocrx_word' id='word_1_292' title='bbox 295 2482 463 2545; x_wconf 58' lang='lat' dir='ltr'><strong>probaverant?</strong></span> <span class='ocrx_word' id='word_1_293' title='bbox 480 2482 522 2531; x_wconf 78' lang='lat' dir='ltr'><strong>nist</strong></span> <span class='ocrx_word' id='word_1_294' title='bbox 533 2485 597 2530; x_wconf 89' lang='lat' dir='ltr'><strong>enim</strong></span> <span class='ocrx_word' id='word_1_295' title='bbox 607 2484 640 2530; x_wconf 86' lang='lat' dir='ltr'><strong>ita</strong></span> <span class='ocrx_word' id='word_1_296' title='bbox 655 2479 758 2530; x_wconf 81' lang='lat' dir='ltr'><strong>fecissent</strong></span> <span class='ocrx_word' id='word_1_297' title='bbox 770 2515 777 2537; x_wconf 96' lang='lat'><strong>,</strong></span> <span class='ocrx_word' id='word_1_298' title='bbox 794 2483 819 2529; x_wconf 87' lang='lat' dir='ltr'><strong>in</strong></span> <span class='ocrx_word' id='word_1_299' title='bbox 836 2480 900 2529; x_wconf 90' lang='lat' dir='ltr'><strong>suum</strong></span> <span class='ocrx_word' id='word_1_300' title='bbox 912 2483 1077 2534; x_wconf 80' lang='lat' dir='ltr'><strong>certe-librum</strong></span> 
     </span>
     <span class='ocr_line' id='line_1_36' title="bbox 215 2539 1078 2617; baseline 0.005 -25"><span class='ocrx_word' id='word_1_301' title='bbox 215 2558 271 2592; x_wconf 74' lang='lat' dir='ltr'><strong>erm</strong></span> <span class='ocrx_word' id='word_1_302' title='bbox 286 2560 336 2593; x_wconf 90' lang='lat' dir='ltr'><strong>uon</strong></span> <span class='ocrx_word' id='word_1_303' title='bbox 351 2543 517 2605; x_wconf 81' lang='lat' dir='ltr'><strong>conjecissent:</strong></span> <span class='ocrx_word' id='word_1_304' title='bbox 540 2561 590 2610; x_wconf 82' lang='lat' dir='ltr'><strong>quse</strong></span> <span class='ocrx_word' id='word_1_305' title='bbox 612 2546 657 2593; x_wconf 91' lang='lat' dir='ltr'><strong>illis</strong></span> <span class='ocrx_word' id='word_1_306' title='bbox 675 2545 715 2607; x_wconf 89' lang='lat' dir='ltr'><strong>(ut</strong></span> <span class='ocrx_word' id='word_1_307' title='bbox 731 2539 833 2615; x_wconf 87' lang='lat' dir='ltr'><strong>opinor)</strong></span> <span class='ocrx_word' id='word_1_308' title='bbox 849 2542 967 2617; x_wconf 87' lang='lat' dir='ltr'><strong>displicere</strong></span> <span class='ocrx_word' id='word_1_309' title='bbox 985 2549 1078 2611; x_wconf 84' lang='lat' dir='ltr'><strong>coepit,</strong></span> 
     </span>
     <span class='ocr_line' id='line_1_37' title="bbox 216 2605 1076 2672; baseline 0.008 -19"><span class='ocrx_word' id='word_1_310' title='bbox 216 2605 369 2671; x_wconf 69' lang='lat' dir='ltr'><strong>posteaquam</strong></span> <span class='ocrx_word' id='word_1_311' title='bbox 384 2608 489 2657; x_wconf 83' lang='lat' dir='ltr'><strong>viderunt</strong></span> <span class='ocrx_word' id='word_1_312' title='bbox 506 2624 545 2656; x_wconf 89' lang='lat' dir='ltr'><strong>me</strong></span> <span class='ocrx_word' id='word_1_313' title='bbox 559 2622 654 2671; x_wconf 87' lang='lat' dir='ltr'><strong>quoque</strong></span> <span class='ocrx_word' id='word_1_314' title='bbox 670 2607 698 2655; x_wconf 83' lang='lat' dir='ltr'><strong>ab</strong></span> <span class='ocrx_word' id='word_1_315' title='bbox 713 2608 762 2671; x_wconf 86' lang='lat' dir='ltr'><strong>ipsa</strong></span> <span class='ocrx_word' id='word_1_316' title='bbox 775 2623 825 2654; x_wconf 88' lang='lat' dir='ltr'><strong>non</strong></span> <span class='ocrx_word' id='word_1_317' title='bbox 839 2620 929 2672; x_wconf 83' lang='lat' dir='ltr'><strong>penitus</strong></span> <span class='ocrx_word' id='word_1_318' title='bbox 945 2607 1076 2662; x_wconf 84' lang='lat' dir='ltr'><strong>abhorrere.</strong></span> 
     </span>
     <span class='ocr_line' id='line_1_38' title="bbox 217 2669 1078 2734; baseline 0.006 -17"><span class='ocrx_word' id='word_1_319' title='bbox 217 2674 284 2717; x_wconf 82' lang='lat' dir='ltr'><strong>Nam</strong></span> <span class='ocrx_word' id='word_1_320' title='bbox 298 2671 362 2733; x_wconf 91' lang='lat' dir='ltr'><strong>quod</strong></span> <span class='ocrx_word' id='word_1_321' title='bbox 377 2669 493 2719; x_wconf 72' lang='lat' dir='ltr'><strong>menducii</strong></span> <span class='ocrx_word' id='word_1_322' title='bbox 507 2686 547 2718; x_wconf 92' lang='lat' dir='ltr'><strong>me</strong></span> <span class='ocrx_word' id='word_1_323' title='bbox 562 2683 659 2734; x_wconf 83' lang='lat' dir='ltr'><strong>arguunt</strong></span> <span class='ocrx_word' id='word_1_324' title='bbox 679 2670 742 2733; x_wconf 82' lang='lat' dir='ltr'><strong>quod</strong></span> <span class='ocrx_word' id='word_1_325' title='bbox 762 2669 861 2718; x_wconf 82' lang='lat' dir='ltr'><strong>dixerim</strong></span> <span class='ocrx_word' id='word_1_326' title='bbox 875 2685 959 2718; x_wconf 90' lang='lat' dir='ltr'><strong>omnes</strong></span> <span class='ocrx_word' id='word_1_327' title='bbox 975 2671 1078 2722; x_wconf 82' lang='lat' dir='ltr'><strong>vetustos</strong></span> 
     </span>
    </p>

    <p class='ocr_par' dir='ltr' id='par_1_5' title="bbox 131 2730 1085 3470">
     <span class='ocr_line' id='line_1_39' title="bbox 131 2730 1079 2797; baseline 0.006 -19"><span class='ocrx_word' id='word_1_328' title='bbox 131 2756 134 2763; x_wconf 78' lang='lat'><strong>,</strong></span> <span class='ocrx_word' id='word_1_329' title='bbox 217 2730 386 2783; x_wconf 80' lang='lat' dir='ltr'><strong>codicesillam</strong></span> <span class='ocrx_word' id='word_1_330' title='bbox 396 2736 505 2782; x_wconf 85' lang='lat' dir='ltr'><strong>retinere:</strong></span> <span class='ocrx_word' id='word_1_331' title='bbox 522 2732 643 2782; x_wconf 88' lang='lat' dir='ltr'><strong>ridiculum</strong></span> <span class='ocrx_word' id='word_1_332' title='bbox 652 2731 698 2780; x_wconf 87' lang='lat' dir='ltr'><strong>est:</strong></span> <span class='ocrx_word' id='word_1_333' title='bbox 714 2731 837 2797; x_wconf 90' lang='lat' dir='ltr'><strong>quomodo</strong></span> <span class='ocrx_word' id='word_1_334' title='bbox 853 2733 918 2780; x_wconf 87' lang='lat' dir='ltr'><strong>enim</strong></span> <span class='ocrx_word' id='word_1_335' title='bbox 933 2732 980 2797; x_wconf 85' lang='lat' dir='ltr'><strong>ipse</strong></span> <span class='ocrx_word' id='word_1_336' title='bbox 993 2750 1079 2785; x_wconf 85' lang='lat' dir='ltr'><strong>omnes</strong></span> 
     </span>
     <span class='ocr_line' id='line_1_40' title="bbox 217 2792 1079 2861; baseline 0.007 -20"><span class='ocrx_word' id='word_1_337' title='bbox 217 2793 296 2841; x_wconf 82' lang='lat' dir='ltr'><strong>uidere</strong></span> <span class='ocrx_word' id='word_1_338' title='bbox 305 2798 384 2857; x_wconf 72' lang='lat' dir='ltr'><strong>potui?</strong></span> <span class='ocrx_word' id='word_1_339' title='bbox 401 2796 464 2860; x_wconf 89' lang='lat' dir='ltr'><strong>quod</strong></span> <span class='ocrx_word' id='word_1_340' title='bbox 475 2795 493 2843; x_wconf 91' lang='lat' dir='ltr'><strong>sr</strong></span> <span class='ocrx_word' id='word_1_341' title='bbox 503 2793 612 2861; x_wconf 85' lang='lat' dir='ltr'><strong>possem,</strong></span> <span class='ocrx_word' id='word_1_342' title='bbox 628 2796 701 2843; x_wconf 80' lang='lat' dir='ltr'><strong>etiarn</strong></span> <span class='ocrx_word' id='word_1_343' title='bbox 716 2796 807 2843; x_wconf 83' lang='lat' dir='ltr'><strong>nollem</strong></span> <span class='ocrx_word' id='word_1_344' title='bbox 819 2811 825 2841; x_wconf 75' lang='grc' dir='ltr'><strong>ε</strong></span> <span class='ocrx_word' id='word_1_345' title='bbox 847 2811 924 2857; x_wconf 86' lang='lat' dir='ltr'><strong>neque</strong></span> <span class='ocrx_word' id='word_1_346' title='bbox 938 2792 1006 2845; x_wconf 80' lang='lat' dir='ltr'><strong>enini</strong></span> <span class='ocrx_word' id='word_1_347' title='bbox 1018 2798 1079 2852; x_wconf 86' lang='lat' dir='ltr'><strong>milri</strong></span> 
     </span>
     <span class='ocr_line' id='line_1_41' title="bbox 217 2854 1080 2922; baseline 0.006 -18"><span class='ocrx_word' id='word_1_348' title='bbox 217 2854 396 2909; x_wconf 83' lang='lat' dir='ltr'><strong>honestumesse</strong></span> <span class='ocrx_word' id='word_1_349' title='bbox 405 2872 462 2922; x_wconf 90' lang='lat' dir='ltr'><strong>puto</strong></span> <span class='ocrx_word' id='word_1_350' title='bbox 472 2873 570 2906; x_wconf 87' lang='lat' dir='ltr'><strong>omnem</strong></span> <span class='ocrx_word' id='word_1_351' title='bbox 582 2871 674 2907; x_wconf 73' lang='lat' dir='ltr'><strong>etatem</strong></span> <span class='ocrx_word' id='word_1_352' title='bbox 688 2861 714 2905; x_wconf 93' lang='lat' dir='ltr'><strong>in</strong></span> <span class='ocrx_word' id='word_1_353' title='bbox 730 2855 841 2906; x_wconf 85' lang='lat' dir='ltr'><strong>veteribus</strong></span> <span class='ocrx_word' id='word_1_354' title='bbox 856 2856 919 2905; x_wconf 89' lang='lat' dir='ltr'><strong>libris</strong></span> <span class='ocrx_word' id='word_1_355' title='bbox 935 2860 1080 2909; x_wconf 77' lang='lat' dir='ltr'><strong>excutiendis</strong></span> 
     </span>
     <span class='ocr_line' id='line_1_42' title="bbox 216 2917 1085 2987; baseline 0.005 -18"><span class='ocrx_word' id='word_1_356' title='bbox 216 2917 364 2979; x_wconf 80' lang='lat' dir='ltr'><strong>consumere,</strong></span> <span class='ocrx_word' id='word_1_357' title='bbox 380 2924 405 2970; x_wconf 73' lang='grc' dir='ltr'><strong>δι</strong></span> <span class='ocrx_word' id='word_1_358' title='bbox 416 2936 512 2984; x_wconf 83' lang='lat' dir='ltr'><strong>operam</strong></span> <span class='ocrx_word' id='word_1_359' title='bbox 522 2936 600 2969; x_wconf 80' lang='lat' dir='ltr'><strong>meam</strong></span> <span class='ocrx_word' id='word_1_360' title='bbox 611 2920 737 2975; x_wconf 77' lang='lat' dir='ltr'><strong>maioribus</strong></span> <span class='ocrx_word' id='word_1_361' title='bbox 747 2921 772 2967; x_wconf 92' lang='lat' dir='ltr'><strong>in</strong></span> <span class='ocrx_word' id='word_1_362' title='bbox 785 2919 852 2967; x_wconf 80' lang='lat' dir='ltr'><strong>rebus</strong></span> <span class='ocrx_word' id='word_1_363' title='bbox 862 2921 944 2969; x_wconf 86' lang='lat' dir='ltr'><strong>utilem</strong></span> <span class='ocrx_word' id='word_1_364' title='bbox 959 2919 1005 2969; x_wconf 86' lang='lat' dir='ltr'><strong>esse</strong></span> <span class='ocrx_word' id='word_1_365' title='bbox 1014 2921 1085 2987; x_wconf 73' lang='lat' dir='ltr'><strong>posse</strong></span> 
     </span>
     <span class='ocr_line' id='line_1_43' title="bbox 215 2981 1080 3048; baseline 0.009 -20"><span class='ocrx_word' id='word_1_366' title='bbox 215 2982 331 3031; x_wconf 84' lang='lat' dir='ltr'><strong>existimo.</strong></span> <span class='ocrx_word' id='word_1_367' title='bbox 347 2985 444 3031; x_wconf 82' lang='lat' dir='ltr'><strong>Utinam</strong></span> <span class='ocrx_word' id='word_1_368' title='bbox 456 2985 532 3046; x_wconf 88' lang='lat' dir='ltr'><strong>potius</strong></span> <span class='ocrx_word' id='word_1_369' title='bbox 542 2997 635 3031; x_wconf 85' lang='lat' dir='ltr'><strong>rantum</strong></span> <span class='ocrx_word' id='word_1_370' title='bbox 646 2982 745 3030; x_wconf 86' lang='lat' dir='ltr'><strong>studium</strong></span> <span class='ocrx_word' id='word_1_371' title='bbox 756 2984 781 3030; x_wconf 90' lang='lat' dir='ltr'><strong>in</strong></span> <span class='ocrx_word' id='word_1_372' title='bbox 791 2982 827 3030; x_wconf 90' lang='lat' dir='ltr'><strong>lris</strong></span> <span class='ocrx_word' id='word_1_373' title='bbox 845 2981 910 3030; x_wconf 87' lang='lat' dir='ltr'><strong>rebus</strong></span> <span class='ocrx_word' id='word_1_374' title='bbox 926 2999 976 3031; x_wconf 90' lang='lat' dir='ltr'><strong>uon</strong></span> <span class='ocrx_word' id='word_1_375' title='bbox 992 2984 1080 3048; x_wconf 73' lang='lat' dir='ltr'><strong>posuis</strong></span> 
     </span>
     <span class='ocr_line' id='line_1_44' title="bbox 216 3042 1081 3110; baseline 0.003 -19"><span class='ocrx_word' id='word_1_376' title='bbox 216 3042 278 3100; x_wconf 89' lang='lat' dir='ltr'><strong>sem,</strong></span> <span class='ocrx_word' id='word_1_377' title='bbox 293 3058 409 3109; x_wconf 81' lang='lat' dir='ltr'><strong>quaumm</strong></span> <span class='ocrx_word' id='word_1_378' title='bbox 420 3046 479 3093; x_wconf 90' lang='lat' dir='ltr'><strong>olim</strong></span> <span class='ocrx_word' id='word_1_379' title='bbox 496 3045 568 3110; x_wconf 84' lang='lat' dir='ltr'><strong>posui.</strong></span> <span class='ocrx_word' id='word_1_380' title='bbox 600 3051 659 3094; x_wconf 87' lang='lat' dir='ltr'><strong>Non</strong></span> <span class='ocrx_word' id='word_1_381' title='bbox 673 3047 760 3110; x_wconf 85' lang='lat' dir='ltr'><strong>¹loquor</strong></span> <span class='ocrx_word' id='word_1_382' title='bbox 774 3044 803 3093; x_wconf 89' lang='lat' dir='ltr'><strong>de</strong></span> <span class='ocrx_word' id='word_1_383' title='bbox 818 3047 938 3094; x_wconf 81' lang='lat' dir='ltr'><strong>Ciceronis</strong></span> <span class='ocrx_word' id='word_1_384' title='bbox 953 3045 1037 3105; x_wconf 89' lang='lat' dir='ltr'><strong>libris,</strong></span> <span class='ocrx_word' id='word_1_385' title='bbox 1053 3051 1081 3099; x_wconf 85' lang='lat' dir='ltr'><strong>in</strong></span> 
     </span>
     <span class='ocr_line' id='line_1_45' title="bbox 216 3106 1080 3175; baseline 0.01 -24"><span class='ocrx_word' id='word_1_386' title='bbox 216 3106 298 3168; x_wconf 80' lang='lat' dir='ltr'><strong>quibus</strong></span> <span class='ocrx_word' id='word_1_387' title='bbox 308 3108 432 3171; x_wconf 80' lang='lat' dir='ltr'><strong>purgandis</strong></span> <span class='ocrx_word' id='word_1_388' title='bbox 442 3108 632 3173; x_wconf 83' lang='lat' dir='ltr'><strong>expoliendisque</strong></span> <span class='ocrx_word' id='word_1_389' title='bbox 642 3123 740 3157; x_wconf 85' lang='lat' dir='ltr'><strong>onmem</strong></span> <span class='ocrx_word' id='word_1_390' title='bbox 752 3122 848 3172; x_wconf 84' lang='lat' dir='ltr'><strong>operam</strong></span> <span class='ocrx_word' id='word_1_391' title='bbox 859 3107 887 3156; x_wconf 86' lang='lat' dir='ltr'><strong>ab</strong></span> <span class='ocrx_word' id='word_1_392' title='bbox 902 3108 1011 3156; x_wconf 85' lang='lat' dir='ltr'><strong>omnibus</strong></span> <span class='ocrx_word' id='word_1_393' title='bbox 1022 3127 1080 3175; x_wconf 73' lang='lat' dir='ltr'><strong>prcc-</strong></span> 
     </span>
     <span class='ocr_line' id='line_1_46' title="bbox 220 3168 1081 3236; baseline 0.01 -22"><span class='ocrx_word' id='word_1_394' title='bbox 220 3170 281 3217; x_wconf 82' lang='lat' dir='ltr'><strong>tlare</strong></span> <span class='ocrx_word' id='word_1_395' title='bbox 291 3172 403 3219; x_wconf 82' lang='lat' dir='ltr'><strong>collocari</strong></span> <span class='ocrx_word' id='word_1_396' title='bbox 413 3169 503 3229; x_wconf 81' lang='lat' dir='ltr'><strong>judico,</strong></span> <span class='ocrx_word' id='word_1_397' title='bbox 521 3168 558 3218; x_wconf 88' lang='lat' dir='ltr'><strong>sed</strong></span> <span class='ocrx_word' id='word_1_398' title='bbox 569 3171 598 3219; x_wconf 88' lang='lat' dir='ltr'><strong>de</strong></span> <span class='ocrx_word' id='word_1_399' title='bbox 609 3170 659 3218; x_wconf 83' lang='lat' dir='ltr'><strong>aliis</strong></span> <span class='ocrx_word' id='word_1_400' title='bbox 671 3171 743 3236; x_wconf 85' lang='lat' dir='ltr'><strong>longe</strong></span> <span class='ocrx_word' id='word_1_401' title='bbox 754 3169 882 3219; x_wconf 86' lang='lat' dir='ltr'><strong>minoribus</strong></span> <span class='ocrx_word' id='word_1_402' title='bbox 894 3170 1038 3230; x_wconf 74' lang='lat' dir='ltr'><strong>auctoribus,</strong></span> <span class='ocrx_word' id='word_1_403' title='bbox 1054 3175 1081 3223; x_wconf 87' lang='lat' dir='ltr'><strong>iu</strong></span> 
     </span>
     <span class='ocr_line' id='line_1_47' title="bbox 218 3230 1081 3298; baseline 0.009 -22"><span class='ocrx_word' id='word_1_404' title='bbox 218 3230 301 3294; x_wconf 84' lang='lat' dir='ltr'><strong>quibus</strong></span> <span class='ocrx_word' id='word_1_405' title='bbox 311 3231 447 3296; x_wconf 73' lang='lat' dir='ltr'><strong>castigandis</strong></span> <span class='ocrx_word' id='word_1_406' title='bbox 458 3247 512 3296; x_wconf 86' lang='lat' dir='ltr'><strong>pucr</strong></span> <span class='ocrx_word' id='word_1_407' title='bbox 522 3235 595 3290; x_wconf 90' lang='lat' dir='ltr'><strong>olim,</strong></span> <span class='ocrx_word' id='word_1_408' title='bbox 612 3230 697 3293; x_wconf 79' lang='lat' dir='ltr'><strong>iudicio</strong></span> <span class='ocrx_word' id='word_1_409' title='bbox 708 3248 816 3296; x_wconf 83' lang='lat' dir='ltr'><strong>peccans,</strong></span> <span class='ocrx_word' id='word_1_410' title='bbox 832 3236 933 3282; x_wconf 88' lang='lat' dir='ltr'><strong>multum</strong></span> <span class='ocrx_word' id='word_1_411' title='bbox 949 3232 1035 3298; x_wconf 78' lang='lat' dir='ltr'><strong>diuque</strong></span> <span class='ocrx_word' id='word_1_412' title='bbox 1046 3236 1081 3284; x_wconf 82' lang='lat' dir='ltr'><strong>la·</strong></span> 
     </span>
     <span class='ocr_line' id='line_1_48' title="bbox 219 3291 1081 3361; baseline 0.009 -23"><span class='ocrx_word' id='word_1_413' title='bbox 219 3291 305 3339; x_wconf 75' lang='lat' dir='ltr'><strong>bornus.</strong></span> <span class='ocrx_word' id='word_1_414' title='bbox 341 3299 431 3342; x_wconf 88' lang='lat' dir='ltr'><strong>Omnes</strong></span> <span class='ocrx_word' id='word_1_415' title='bbox 441 3297 522 3358; x_wconf 87' lang='lat' dir='ltr'><strong>igitur,</strong></span> <span class='ocrx_word' id='word_1_416' title='bbox 539 3293 662 3361; x_wconf 69' lang='lat' dir='ltr'><strong>quosvidi</strong></span> <span class='ocrx_word' id='word_1_417' title='bbox 678 3295 780 3350; x_wconf 84' lang='lat' dir='ltr'><strong>scilicet,</strong></span> <span class='ocrx_word' id='word_1_418' title='bbox 797 3299 822 3343; x_wconf 81' lang='lat' dir='ltr'><strong>dc</strong></span> <span class='ocrx_word' id='word_1_419' title='bbox 837 3296 957 3359; x_wconf 82' lang='lat' dir='ltr'><strong>perspexi,</strong></span> <span class='ocrx_word' id='word_1_420' title='bbox 980 3299 1022 3359; x_wconf 89' lang='lat' dir='ltr'><strong>qui</strong></span> <span class='ocrx_word' id='word_1_421' title='bbox 1037 3313 1081 3346; x_wconf 83' lang='lat' dir='ltr'><strong>nec</strong></span> 
     </span>
     <span class='ocr_line' id='line_1_49' title="bbox 218 3356 1082 3470; baseline 0.01 -70"><span class='ocrx_word' id='word_1_422' title='bbox 218 3358 285 3470; x_wconf 72' lang='lat' dir='ltr'><strong>pauci</strong></span> <span class='ocrx_word' id='word_1_423' title='bbox 297 3359 397 3403; x_wconf 88' lang='lat' dir='ltr'><strong>omnino</strong></span> <span class='ocrx_word' id='word_1_424' title='bbox 406 3356 482 3413; x_wconf 85' lang='lat' dir='ltr'><strong>fuere,</strong></span> <span class='ocrx_word' id='word_1_425' title='bbox 498 3374 558 3414; x_wconf 90' lang='lat' dir='ltr'><strong>nee,</strong></span> <span class='ocrx_word' id='word_1_426' title='bbox 576 3358 777 3424; x_wconf 84' lang='lat' dir='ltr'><strong>quemadmodum</strong></span> <span class='ocrx_word' id='word_1_427' title='bbox 792 3357 878 3409; x_wconf 84' lang='lat' dir='ltr'><strong>cotidie</strong></span> <span class='ocrx_word' id='word_1_428' title='bbox 892 3360 968 3423; x_wconf 82' lang='lat' dir='ltr'><strong>magis</strong></span> <span class='ocrx_word' id='word_1_429' title='bbox 985 3374 1082 3424; x_wconf 87' lang='lat' dir='ltr'><strong>appare·</strong></span> 
     </span>
    </p>

    <p class='ocr_par' dir='ltr' id='par_1_6' title="bbox 234 3417 1063 3534">
     <span class='ocr_line' id='line_1_50' title="bbox 234 3417 1063 3534; baseline 0.012 -67"><span class='ocrx_word' id='word_1_430' title='bbox 234 3419 266 3481; x_wconf 81' lang='lat' dir='ltr'><strong>it,</strong></span> <span class='ocrx_word' id='word_1_431' title='bbox 280 3417 378 3487; x_wconf 73' lang='lat' dir='ltr'><strong>perluit</strong></span> <span class='ocrx_word' id='word_1_432' title='bbox 395 3422 454 3471; x_wconf 70' lang='lat' dir='ltr'><strong>Idem</strong></span> <span class='ocrx_word' id='word_1_433' title='bbox 468 3423 493 3473; x_wconf 86' lang='lat' dir='ltr'><strong>iu</strong></span> <span class='ocrx_word' id='word_1_434' title='bbox 504 3419 647 3491; x_wconf 83' lang='lat' dir='ltr'><strong>posteriorib.</strong></span> <span class='ocrx_word' id='word_1_435' title='bbox 1039 3491 1063 3534; x_wconf 81' lang='lat' dir='ltr'><em>N</em></span> 
     </span>
    </p>

    <p class='ocr_par' dir='ltr' id='par_1_7' title="bbox 984 3502 1089 3548">
     <span class='ocr_line' id='line_1_51' title="bbox 984 3502 1089 3548; baseline -0.029 0"><span class='ocrx_word' id='word_1_436' title='bbox 984 3502 1022 3548; x_wconf 78' lang='lat'><strong>4³·</strong></span> <span class='ocrx_word' id='word_1_437' title='bbox 1062 3503 1089 3536; x_wconf 71' lang='grc' dir='ltr'><strong>οι</strong></span> 
     </span>
    </p>
   </div>
   <div class='ocr_carea' id='block_1_4' title="bbox 0 0 1143 4020">
    <p class='ocr_par' dir='ltr' id='par_1_8' title="bbox 0 0 1143 4020">
     <span class='ocr_line' id='line_1_52' title="bbox 0 0 1143 4020; baseline 0 0"><span class='ocrx_word' id='word_1_438' title='bbox 0 0 1143 4020; x_wconf 95' lang='lat' dir='ltr'><strong> </strong></span> 
     </span>
    </p>
   </div>
  </div>
 </body>
</html>
