2272 4020
152 190 156 201 ·
244 182 305 251 ²4²
365 160 475 229 Error.
489 178 541 227 nn
561 156 787 240 Murrrtun,
808 174 1028 229 rrcrrrnos

90 805 109 840 o
123 794 183 844 Non

88 857 139 905 alii·

88 1119 106 1167 p
120 1102 193 1156 divini

89 1172 132 1215 Mo

87 1550 158 1597 MSS.

86 1622 99 1655 r
149 1611 193 1659 eris

86 1674 137 1722 alii.

122 1739 146 1787 Β.
163 1740 190 1787 Β.

243 286 275 331 ut
300 290 354 349 ego
373 274 486 331 arbitror
504 315 514 344 ,
533 269 781 347 reprehendenda,
800 288 908 330 nomen
932 283 964 329 ut
989 268 1114 331 nostrum

242 348 343 424 scriptis
356 349 499 409 illustretur
508 351 543 408 ¹&
554 348 704 406 celebretur
716 348 778 406 tuis.
806 347 885 425 quod
898 347 947 406 etsi
961 349 1030 406 mihi
1041 348 1114 425 saepe

242 422 362 484 ostendis
375 437 404 483 te
418 420 472 484 esse
492 425 651 484 sessurum:
678 435 773 483 tamen
792 423 915 500 ignoscas
936 424 1021 482 velim
1049 426 1114 485 huic

241 502 411 561 festinationi
425 518 507 561 meae.
544 500 640 559 Genus
654 501 730 559 enim
743 500 906 575 scriptorum
912 512 1046 570 tuorum,
1067 500 1112 561 ert

241 588 300 637 erat
312 577 419 653 semper
433 578 449 637 l
465 596 513 638 me
526 579 708 638 vehementer
727 576 913 653 exspedatum
928 618 937 648 ,
956 588 1055 635 tamen
1073 578 1112 635 vi-

241 654 280 712 cit
294 655 458 731 opinionem
472 672 584 725 meam,
604 670 706 732 meque
720 654 757 712 ita
771 653 816 711 vel
830 669 862 710 ce
881 654 903 712 it
919 694 928 723 ,
947 655 994 712 vel
1020 655 1112 713 incen-

241 729 282 788 dit
296 774 305 800 ‚
325 743 355 789 ut
369 748 499 805 cuperem
513 730 600 807 qudm
615 729 757 789 celerrime
771 747 812 789 res
825 748 844 787 n
886 747 926 788 ras
940 748 1111 789 monumen·

240 807 274 864 tis
288 808 479 865 commendari
491 810 551 865 tuis.
570 807 695 882 ⁰Neque
709 806 785 865 enim
805 824 853 863 me
873 805 961 865 solum
986 824 1112 865 comme·

241 884 361 941 morutio
374 882 534 958 posteritatis
546 882 582 940 ad
594 881 669 956 spem
684 882 823 958 quandam
836 882 1050 942 immortalitatis
1071 900 1110 941 rt·

240 960 295 1032 pit:
315 957 457 1017 sedetiam
472 959 515 1015 illa
529 958 677 1033 cupiditas,
697 970 728 1015 ut
742 959 787 1016 vel
806 958 968 1018 audontate
989 959 1109 1017 testimo·

240 1035 279 1091 nii
292 1036 349 1103 tui,
369 1035 413 1092 rel
427 1034 530 1093 indicio
547 1035 742 1093 benivolentiae
758 1074 767 1104 ,
787 1034 833 1091 vel
846 1034 976 1093 suavitate
988 1035 1107 1111 ingenii,

238 1110 317 1167 rvivi
331 1112 509 1185 perfruamur.
549 1111 651 1187 Neque
664 1123 777 1180 tamen,
796 1111 857 1168 haec
872 1110 936 1168 curn
950 1110 1107 1181 scribebam,

130 1173 142 1218 '·
238 1202 314 1243 eram
328 1186 448 1256 nescius,
467 1188 574 1263 quantis
595 1186 722 1245 oneribus
750 1202 907 1262 premerere
927 1186 1107 1262 susceptarum

236 1278 347 1332 rerum,
367 1264 397 1321 dc
407 1265 466 1339 jam
481 1264 677 1322 institutarum:
698 1263 744 1322 sed
766 1264 831 1339 quia
850 1263 999 1331 videbam,
1018 1264 1107 1323 ⁶slta·

235 1335 280 1396 lici
294 1339 356 1397 belli
370 1341 400 1396 ὃ(
412 1340 497 1398 civilis
517 1339 657 1398 historiam
673 1340 732 1415 jam
754 1338 770 1397 *a
790 1352 819 1397 te
839 1336 921 1414 paene
942 1335 997 1397 effe
1043 1338 1109 1397 erse⁴

238 1413 326 1471 dam:
347 1414 451 1472 dixeras
465 1428 559 1472 autem
574 1416 660 1484 mihi,
674 1428 702 1474 te
716 1416 831 1492 reliquas
844 1432 885 1472 res
899 1414 999 1473 ordiri:
1020 1357 1108 1475 deese

87 1496 104 1547 ‘J
125 1484 307 1549 ⁶0titaremibi
326 1490 419 1559 nolui,
440 1492 507 1567 quin
526 1503 554 1548 te
574 1490 774 1560 admonerem,
794 1503 846 1548 ‘rut
869 1491 1021 1566 cogitares,
1041 1508 1108 1551 cou-

233 1563 368 1640 junttene
382 1566 475 1625 malles
496 1585 561 1625 cum
576 1569 702 1644 treliquis
723 1569 801 1625 rebus
823 1566 912 1626 nostra
933 1579 1105 1637 conterere,

237 1658 290 1709 an,
309 1652 340 1699 ut
373 1644 452 1702 multi
473 1642 566 1701 Graeci
593 1644 742 1713 fecerunt,
762 1642 937 1701 Callisthenes
969 1642 1106 1703 Troicum

237 1715 357 1787 bellum,
377 1718 506 1778 Timaeus
527 1720 645 1795 Pyrrhi,
665 1719 793 1794 Polybius
813 1718 1040 1787 Numantinum
1061 1718 1105 1853 qui

236 1810 335 1852 omnes
348 1794 364 1853 ὲ
378 1798 515 1872 perpetuis
528 1796 578 1855 suis
591 1795 704 1855 historiis
718 1813 750 1852 ea
770 1835 780 1865 ,
798 1812 863 1871 quae
884 1794 965 1865 dixi,
984 1796 1056 1855 bella
1078 1812 1105 1853 e·

233 2042 305 2086 mus,
321 2042 474 2096 praeterquam
495 2029 560 2097 quod
575 2032 664 2095 semper
681 2029 720 2080 hie
737 2042 778 2095 per
792 2027 841 2077 duo
853 2035 890 2075 cc
902 2025 1026 2087 scribitur,
1042 2026 1100 2079 vidi·

233 2106 288 2202 r‘nffs
309 2095 382 2142 etiam
403 2099 488 2144 Roma
506 2097 533 2145 iu
553 2097 652 2159 antiquo
672 2092 751 2158 lapide
770 2092 817 2142 hoc
838 2106 928 2141 nomeu
943 2093 978 2141 ita
994 2090 1102 2159 scriptum

268 2170 299 2204 e:

551 2220 554 2225 ’
569 2224 602 2270 D.
730 2223 767 2270 M.

569 2284 769 2331 chcsslnu

543 2349 668 2395 815ch
676 2348 798 2395 DINAE

584 2415 627 2458 TI.
647 2412 758 2467 CLAV,

452 2472 638 2520 rutscvs
664 2471 887 2519 vrrrttcvs

479 2539 549 2584 VIX.
573 2539 634 2584 AN.
658 2538 692 2583 11.
715 2537 808 2583 MEN.
824 2537 853 2582 V.

230 2592 275 2642 Sed
290 2594 363 2644 alium
375 2595 449 2644 ctiam
460 2598 544 2647 Arretii
554 2596 600 2646 esse
611 2596 706 2652 scimus,
722 2598 747 2647 in
782 2612 814 2644 uo
828 2595 893 2644 idem
908 2608 1004 2645 nomen
1018 2596 1099 2647 eudon

246 2658 301 2706 ado
313 2657 353 2709 scri
371 2672 423 2707 tum
433 2658 468 2708 sir.
488 2664 598 2709 Viesorius.
632 2666 670 2708 De
680 2660 723 2708 hac
734 2611 831 2722 epffiola
840 2657 873 2706 fic
882 2656 912 2705 ud
930 2661 1041 2709 Atticum
1052 2660 1098 2709 scri·

229 2672 283 2766 git:
304 2675 439 2783 Episfolam,
456 2727 619 2787 Lucrioqaarrr
633 2723 704 2781 mifi,
724 2738 768 2786 qua
781 2740 814 2769 rer
827 2738 884 2768 mm
901 2734 927 2767 ut
936 2723 1020 2782 scribae
1038 2738 1098 2785 rogo,

224 2781 266 2840 fac
282 2798 306 2829 ur
321 2787 346 2842 ab
361 2803 383 2830 eo
392 2787 489 2844 sumas:
509 2788 576 2833 valde
589 2787 645 2832 bella
661 2785 709 2845 est:
726 2802 814 2849 eumque
828 2798 853 2831 ut
868 2796 1011 2847 approperet,
1025 2788 1098 2833 auu·

228 2847 298 2901 teris,
320 2848 346 2897 do·
361 2850 418 2909 quod
431 2852 487 2895 mihi
502 2851 527 2910 se
544 2853 577 2896 ita
590 2848 702 2908 falsarum
722 2848 842 2911 rescripfit,
861 2863 912 2909 agos
922 2852 1018 2909 gratias.
1041 2850 1097 2897 Cur·

228 2905 305 3025 md?
313 2972 406 3031 Italici]
423 2971 531 3029 Marsici,
547 2974 585 3022 vel
597 2972 694 3024 socialis.
712 2970 795 3022 Tribus
805 2974 871 3021 euim
879 2971 961 3021 modis
971 2972 1096 3038 appellatur

226 3030 287 3081 illud
299 3030 401 3107 bellum,
418 3032 550 3106 quodcum
560 3035 628 3085 sociis
642 3038 748 3092 Italicis,
764 3034 942 3109 indignantibus
957 3032 1095 3109 cimarese,

226 3094 251 3142 le
267 3100 381 3145 echrnra
392 3100 418 3147 dt
429 3101 510 3145 Mucla
519 3086 565 3147 esse
581 3100 704 3156 extrusos,
720 3100 784 3146 varia
799 3098 838 3147 diu
854 3096 952 3147 somma
968 3101 996 3148 δι

225 3110 279 3230 solo
290 3172 376 3231 eventu
386 3160 475 3234 gestum
487 3159 528 3211 est.
551 3177 696 3226 quamquam
714 3162 800 3210 Cicero
815 3160 856 3212 lib.
869 3176 900 3210 11.
918 3160 950 3210 de
965 3110 1095 3211 om

225 3219 366 3291 judiciorum
376 3234 503 3273 excitatum
521 3224 628 3299 ostendit.
652 3223 690 3298 sed
705 3221 802 3273 sortasse
816 3237 944 3297 utrumque
956 3222 1013 3275 fitis.
1030 3236 1094 3297 prun

224 3281 775 3413 tts‘rs‘lntrsssrsffbsstst
783 3284 867 3398 filiii
883 3284 1094 3414 {ligiam

223 3403 348 3521 ἳῖεᾶαιηῐιῗ
356 3412 381 3459 &
391 3412 521 3464 Picentibus
531 3412 612 3465 consul
623 3416 669 3464 Cn.
681 3413 806 3476 Pompeius
817 3409 914 3473 strabo,
924 3414 1014 3479 ungri
1022 3424 1090 3478 pam

1013 3544 1051 3597 64.
1064 3536 1090 3585 A
