2206 3914
153 150 352 221 Linea
393 148 686 219 Tanarus.
830 172 889 238 ¹27

15 270 96 351 lqu'a
106 273 187 333 casus
204 271 352 347 eripuerit,
372 288 435 329 mea
448 282 543 329 tamen
563 271 593 330 in
613 282 642 328 te
661 272 777 331 comnia
793 272 882 330 officia
894 300 908 333 c
922 286 1013 334 aruu-

18 352 186 420 constabunt,
208 366 269 408 non
283 348 404 406 secanae
419 346 438 405 sr
452 360 481 405 te
494 342 628 405 vidissem.
657 346 724 407 Tibi
738 347 773 406 de
787 349 881 407 nostris
891 352 1032 425 [calomnia.

19 430 79 487 tella
90 427 162 487 nihil
175 426 240 483 sum
255 422 320 483 ante
334 424 508 483 mandaturus
528 440 577 499 per
596 425 714 492 litteras,
733 424 818 499 quim
833 426 881 484 de·
891 415 933 484 “l''
944 410 999 461 ⁰ffi·

17 504 106 579 spenro
120 502 226 561 cor'am
241 518 290 559 me
302 514 397 559 tecum
411 518 491 576 agere
505 497 589 575 polle.
628 498 717 575 Quod
729 512 758 557 te
778 501 794 559 a
809 502 882 559 Seae·
891 490 935 526 ‘¹²‘

16 580 66 639 tola
78 576 187 655 petiille
202 576 290 646 dieis,
309 588 363 647 ut,
383 577 451 635 dum
465 590 497 635 tu
510 574 609 634 abesses
625 616 633 645 ,
653 588 717 633 ante
730 576 880 636 adventum

18 674 113 724 mmm,
134 654 298 731 provinciae
330 650 468 727 praeellet3
490 670 556 709 eum
588 670 643 729 ego
676 652 776 727 Ephesi
808 654 881 713 vidi:

17 732 107 811 mque
128 748 254 789 meeum
275 730 443 788 familiariter
469 729 591 787 triduum
619 728 708 799 illud,
729 729 807 805 quod
826 746 881 805 ego

19 806 99 885 tanen
114 818 317 867 commoratus
328 806 404 864 sum:
424 821 478 864 nec
499 824 534 863 ex
554 824 591 864 eo
604 806 757 882 quidquam
771 805 881 876 audivi,

19 886 78 963 qnod
98 884 149 943 libi
176 884 195 942 a
216 896 247 941 te
267 882 429 941 mandatum
449 882 559 941 diceret.
591 881 661 941 Sane
682 884 783 941 vellem
802 878 907 957 dpo-cl
922 898 1032 963 unnim¹

18 960 88 1097 {afflet
114 960 237 1095 oxlqsaqqui
264 960 399 1018 voluntati
423 971 489 1019 tuae.
514 978 574 1019 non
600 960 677 1018 enim
697 959 811 1019 arbitror
828 964 967 1018 no-t'icur.

63 1058 88 1097 e.
187 1055 214 1095 e.

280 1212 542 1261 Erls'roun
573 1214 622 1261 Vl.

40 1340 128 1389 ΛΚΕ.
164 1336 262 1397 Ostendit
276 1337 401 1399 canqrcffum
415 1352 430 1383 a
440 1337 465 1396 se
478 1341 595 1401 expetitum
610 1369 618 1393 ,
638 1334 666 1383 ab
675 1340 751 1401 Appio
766 1340 863 1389 vitarum
872 1356 883 1389 .·

19 1398 109 1457 fitam
125 1404 150 1447 ei
161 1400 213 1461 sore
227 1401 384 1463 amierffimum.
400 1402 496 1463 quadam
511 1402 575 1447 addm
590 1402 616 1447 dc
625 1400 666 1461 suo
681 1404 773 1459 itinere,
790 1420 814 1450 ur
829 1412 887 1466 ,Αρ-

18 1466 53 1523 pias
61 1464 180 1511 conditur
189 1480 231 1527 quo
242 1466 287 1509 loen
296 1481 345 1511 eum
354 1468 463 1510 convenire
474 1464 541 1527 pofflt.
558 1468 598 1519 [Α.
605 1468 632 1512 V.
641 1467 670 1513 C.
687 1468 800 1525 Deest]
815 1472 884 1515 Hanc

21 1526 116 1587 melfia
131 1540 171 1591 ep.
181 1542 202 1576 1.
219 1524 316 1575 Lib.xv.
333 1522 434 1591 seqnitur
446 1542 481 1591 ep.
491 1536 512 1577 8.
529 1524 648 1576 Libani.

122 1688 169 1747 M.
190 1684 230 1747 T.
251 1686 285 1745 C.
311 1684 425 1747 APPIO
451 1683 645 1746 PULCHRO
674 1688 700 1747 S.
719 1689 757 1747 D.

23 1838 127 1955 CUn
149 1854 251 1896 meum
275 1836 380 1895 factum
408 1853 473 1895 cum
493 1848 544 1895 tuo
563 1854 696 1911 comparo
717 1880 726 1908 ,
746 1838 793 1897 etfi
821 1860 882 1903 non

77 1915 167 1991 magis
182 1914 253 1972 mihi
265 1914 349 1972 faveo
363 1915 392 1972 in
405 1912 496 1972 nostra
509 1914 628 1970 amicitia
649 1914 751 1972 tuenda
766 1958 775 1984 ,
795 1917 880 1993 quim

22 1990 79 2049 lli:
105 2004 207 2049 tamen
227 1988 317 2048 multo
340 2008 385 2047 ma
405 1991 425 2047 is
446 2007 513 2046 meo
535 1988 610 2047 frelo
631 1986 775 2060 detetur,
795 1994 882 2069 quim

21 2076 67 2125 uu
103 2066 170 2143 Ego
185 2067 262 2125 enim
276 2064 376 2125 Brund'
389 2068 408 2125 ri
421 2064 535 2142 quaefivi
549 2083 583 2123 ex
595 2065 697 2124 Phania
712 2110 721 2135 ‚
741 2069 817 2143 eujus
830 2072 883 2129 mi·

21 2140 165 2203 lividehnr
185 2144 216 2201 dt
235 2140 395 2201 fidelitatem
409 2160 472 2219 erga
493 2156 521 2200 te
541 2139 722 2218 perspexille‚
750 2146 780 2203 δι
803 2144 881 2205 nolle

22 2214 122 2291 baum,
143 2238 232 2297 quern
246 2218 319 2295 apud
331 2233 360 2277 te
373 2221 394 2279 is
406 2232 513 2278 teneret
526 2240 536 2288 ;
558 2237 641 2296 quam
654 2220 683 2277 in
697 2233 802 2295 partem
817 2241 882 2298 pro·

22 2296 109 2357 rinciae
132 2294 258 2355 maxime
279 2308 385 2370 putarer
397 2310 425 2354 te
439 2298 526 2367 velle,
546 2310 576 2354 ut
589 2298 618 2355 in
632 2296 804 2357 succedendo
826 2302 881 2375 pri-

22 2371 89 2433 mitur
101 2374 242 2433 venirem.
281 2372 354 2430 Cum
382 2373 426 2431 ille
446 2374 516 2431 mihi
535 2370 725 2448 respondisset,
744 2374 811 2434 nihil
831 2394 879 2434 me

20 2446 63 2507 tibi
77 2450 180 2527 gratian
200 2449 292 2508 faeere
311 2444 409 2525 polle,
428 2447 514 2525 qu'am
534 2450 555 2507 fi
575 2449 610 2507 ad
623 2450 735 2508 eSidam
756 2452 908 2528 navigas-p,
918 2480 1023 2531 xm

21 2522 88 2585 sem:
107 2526 160 2587 etsr
175 2527 268 2584 minus
280 2526 414 2601 dignitatis
425 2526 540 2585 habebat
553 2526 597 2583 ille
611 2524 765 2596 adventus,
792 2529 822 2586 &
841 2528 896 2587 ade
923 2544 1023 2592 siciliam

23 2602 107 2663 nultm
129 2620 173 2662 res
194 2603 264 2661 mihi
285 2602 373 2661 minus
394 2616 450 2660 erat
470 2614 562 2677 aptus,
580 2614 675 2659 tamen
696 2604 732 2659 ira
753 2622 800 2661 me
820 2604 935 2663 diniMS·
958 2610 1024 2655 orma

23 2676 157 2739 nnumin.
205 2678 286 2737 ldern
301 2696 354 2753 ego
368 2678 431 2736 cirm
453 2679 487 2735 L.
503 2678 634 2736 Clodium
655 2680 789 2752 Corcyrae
809 2700 879 2739 con-

24 2752 161 2827 tniill'em,
181 2756 330 2813 hominem
343 2756 379 2813 ita
392 2756 440 2813 tibi
453 2754 652 2829 conjundtum,
672 2766 701 2811 ut
716 2756 783 2813 mihi
791 2796 801 2827 ‚
814 2776 880 2817 cum

24 2828 60 2889 tto
71 2832 137 2891 clun
159 2834 314 2908 loquerer,
333 2844 427 2890 teeuur
440 2832 518 2907 loqui
537 2830 666 2897 riderem
688 2830 743 2888 dixi
763 2834 813 2904 ei,
832 2852 881 2893 me

23 2904 51 2963 ita
67 2910 208 2969 faelurum
222 2904 295 2977 elle,
314 2909 460 2967 utineam
475 2920 580 2981 partem
595 2950 604 2976 ,
624 2926 707 2983 quam
720 2908 823 2969 Phania
836 2929 883 2969 ro·

22 2980 109 3055 grilet,
130 2984 256 3063 primurn
271 2987 404 3042 venirem.
443 2983 529 3042 Tunc
541 2984 592 3043 ille
613 2985 679 3042 mihi
701 2983 766 3041 clun
786 2988 882 3063 gratias

23 3056 123 3133 tgiffet,
143 3078 316 3137 magnopere
329 3060 345 3119 a
362 3080 408 3119 me
422 3061 543 3135 petivit,
562 3074 593 3120 ut
607 3060 778 3119 Laodiceam
799 3064 885 3138 proti-

836 3157 888 3199 nus

26 3284 155 3341 timitem
172 3290 205 3341 aa*
218 3292 309 3339 videam
323 3288 348 3339 in
370 3286 481 3339 omnibus
502 3292 567 3339 MSS.
585 3304 679 3354 apparet
695 3288 725 3339 de
771 3304 838 3339 crans
852 3288 886 3341 ob

28 3358 61 3399 uu
72 3354 147 3403 lineae
163 3353 190 3403 in
207 3354 402 3421 praepofirionern.
425 3360 479 3403 Hoc
494 3368 573 3401 autem
588 3354 670 3403 ordine
686 3360 721 3401 Tu
733 3355 776 3401 lius
797 3352 837 3403 lib.
851 3368 883 3405 tr.

29 3422 77 3523 aa.
93 3416 155 3467 dixit
161 3418 185 3478 fi
193 3423 216 3467 σι’
225 3418 338 3481 conrigiffet
347 3449 355 3475 ,
370 3434 396 3467 ur
405 3431 426 3465 u
435 3432 484 3463 anre
493 3418 591 3472 viderer,
606 3434 671 3481 quam
680 3433 695 3463 a
705 3422 755 3466 vita
765 3418 884 3479 discederet.

54 3492 122 3529 ⁰110?-

779 3556 815 3597 ις.
833 3538 885 3585 Pri·
