2272 4020
247 172 307 240 ¹54
346 150 564 218 Erismu
585 143 1026 215 hur'r'umPuucuuuu

244 272 275 328 &
287 268 410 327 ablatos:
431 282 548 342 eamque
568 261 789 322 causam'multia
808 263 927 320 omnino
944 258 1005 323 non
1024 260 1112 328 emur·

244 342 328 404 fuiffe.
368 348 507 419 Quererer
531 352 650 410 tecum,
669 350 752 415 atque
773 338 971 414 expostularem
985 354 1002 411 ‚'
1016 344 1046 400 ni
1067 343 1112 418 (ut

93 441 112 477 a
125 425 233 477 romalii.
244 421 320 498 firprh
334 419 434 496 scripfi)
455 435 567 499 purgare
581 435 628 475 me
641 417 689 475 tibi
703 417 758 474 hoc
772 425 841 473 ²tuo
855 426 1002 490 tempore,
1017 417 1109 495 ¹quim

244 497 367 556 accusare
380 508 409 554 te
423 495 549 553 mallem:
568 493 598 552 id
617 511 653 551 ue
666 503 791 570 putarem
805 489 859 551 effe
871 491 976 552 rediua.
1010 494 1109 573 Itaque

243 574 311 634 nihil
322 573 358 632 de
371 585 418 641 te,
437 569 514 649 qudd
527 512 671 629 erenricus
690 569 725 627 de
746 586 816 637 me3
862 569 1026 629 uamohrem
1047 590 1109 633 non

243 651 366 709 debueris
380 649 508 716 credere,
527 664 613 722 pauca
626 646 735 706 dicam(
763 587 872 725 Namqsr
886 663 933 705 me
946 648 1038 706 virum
1057 648 1109 709 bo-

242 745 334 796 num,
354 725 501 800 fidignum
515 724 555 782 his
569 722 676 792 studiis,
696 739 782 798 eaque
796 720 942 792 dodum,
969 725 1014 782 cui
1027 725 1107 785 mel

240 804 355 880 pueritia
368 801 447 868 dedi;
469 799 488 857 h
507 799 566 857 satis
580 800 787 875 mauguinum,
806 816 866 858 non
879 799 989 858 minimi
1001 801 1108 862 confilii

242 882 272 938 in
287 879 412 937 maximis
426 877 503 934 rebus
515 876 685 952 perspeuum
698 877 780 935 habes
796 896 803 935 ι
823 876 889 934 nihil
909 876 938 934 in
961 895 1026 947 me,
1045 896 1105 938 non

244 954 333 1015 modo
347 952 538 1030 perfidiosum,
558 953 773 1030 &insidiosum
793 948 824 1011 ¹&
838 952 917 1012 fallax
930 952 961 1012 in
973 956 1104 1027 amicitia,

243 1032 290 1091 sed
304 1050 347 1090 ne
359 1030 463 1089 humile
477 1030 590 1107 quidem
607 1073 615 1100 ,
635 1042 681 1089 aut
693 1030 826 1107 ‚jeJunum
848 1026 931 1087 debes'
949 1031 1104 1106 agnoscere.

245 1109 292 1167 Sin
313 1120 403 1165 autem
440 1124 486 1164 me
506 1106 622 1182 astutum
650 1108 680 1166 ὃ(
707 1106 848 1167 oecadtum
864 1105 958 1165 ²lubet
975 1105 1103 1184 fingere:

158 1221 165 1232 -
243 1183 377 1259 quidest,
396 1182 575 1260 quodminus
589 1182 728 1241 caderein
748 1182 883 1258 ejusmodi
903 1193 1029 1242 naturam
1061 1185 1105 1243 os-

211 1317 214 1326 ,
241 1259 274 1319 fit
288 1303 296 1329 ‚
315 1259 400 1338 quim
414 1272 461 1318 aut
474 1259 651 1318 florentissimi
664 1259 784 1318 hominis
798 1259 929 1335 aspernari
942 1203 1061 1319 benivoi
1091 1294 1105 1306 -

239 1338 324 1407 tiam,
344 1349 391 1395 aut
404 1337 462 1411 ejus
475 1336 703 1394 existimationem
718 1353 875 1412 oppugnare
894 1334 923 1394 in
936 1338 1078 1411 provincia
1092 1381 1102 1411 ,

241 1413 438 1489 cujuulaudem
454 1411 532 1470 domi
554 1410 733 1471 defenderis?
753 1413 848 1471 autin
869 1429 901 1469 ea
920 1428 950 1469 re
974 1414 1102 1475 animum

78 1522 81 1529 ·
241 1489 382 1548 ostendere
395 1489 557 1556 inimicum,
575 1489 604 1545 in
619 1506 672 1564 qua
685 1488 752 1549 nihil
771 1485 867 1547 obsis?
886 1499 933 1545 aut
952 1489 981 1549 id
1000 1490 1102 1566 eligere

93 1564 276 1626 binduran-ad
303 1563 467 1639 perfidiam,
487 1564 564 1642 quod
584 1563 618 1621 ad
632 1563 828 1622 bindicandum
855 1563 952 1621 odium
972 1568 1102 1641 apertiffi-

94 1637 153 1686 dum
165 1637 321 1699 MSS-mum
336 1639 388 1698 lit:
408 1640 443 1698 ad
456 1639 616 1700 nocendum
632 1683 640 1710 ,
658 1638 850 1699 levillimum?
877 1639 955 1716 Quid
975 1654 1034 1701 erat
1053 1662 1101 1703 au·

94 1705 159 1751 ΕΜ·
242 1728 318 1787 tem,
337 1734 385 1775 cur
398 1734 452 1793 ego
464 1719 494 1776 in
507 1729 536 1776 te
551 1728 610 1775 tam
623 1716 796 1792 implacabilis
810 1713 894 1776 effem
910 1760 918 1786 ‚
938 1704 1003 1778 'carn
1017 1730 1051 1789 te
1065 1738 1100 1781 ex

239 1794 320 1852 fratre
334 1811 417 1863 me0‚
436 1812 472 1853 ne
492 1805 559 1853 tunc
578 1793 715 1870 quidem,
734 1790 799 1851 cum
817 1792 867 1851 tibi
888 1791 973 1926 prffpe
993 1793 1099 1863 ueceffe

95 1889 169 1940 catti
243 1867 308 1928 effer
321 1888 364 1928 eas
384 1887 464 1945 agere
484 1881 571 1947 partes
586 1912 595 1939 ,
613 1869 758 1927 inimicum
779 1870 848 1927 mihi
875 1870 915 1928 fui
935 1872 1100 1949 eccognos-

96 1944 219 2015 cognovis—
241 1945 319 2004 sem?
339 1945 413 2004 Ciam
426 1946 494 2005 vero
514 1947 632 2005 reditum
654 1945 775 2004 nostrum
795 1946 827 2003 in
849 1947 963 2020 gratiam
985 1959 1100 2100 Utgffile

93 2015 151 2066 sem.
242 2020 402 2098 expetisset:
422 2024 489 2100 quid
501 2025 530 2081 in
545 2022 684 2081 consulatu
697 2033 746 2083 tuo
759 2020 852 2080 frustri
868 2039 981 2093 mecum
1000 2042 1018 2082 e
1038 2026 1045 2037 '
1069 2027 1099 2097 ',

108 2079 215 2127 mn·
239 2100 316 2175 quod
330 2118 377 2156 me
394 2111 440 2157 aut
458 2100 548 2157 faeere
575 2110 620 2157 aut
639 2098 735 2157 sentire
755 2095 906 2177 voluiffes?
932 2098 1011 2175 Quid
1031 2102 1099 2163 mihi

237 2174 384 2243 mandasti,
404 2174 469 2233 clun
481 2187 509 2233 te
522 2175 640 2232 Puteolis
653 2174 845 2249 prosequerer,
863 2176 891 2235 in
905 2193 1038 2251 quonou
1052 2197 1099 2239 ex·

90 2253 166 2303 dalii
178 2249 432 2324 vin-spedlationem
451 2262 529 2308 tuam
550 2250 686 2325 diligentia
707 2268 769 2308 mea
787 2246 950 2309 dvicerim?
971 2252 1098 2329 Quddli

91 2319 183 2368 “1⁰¹1st
236 2325 264 2385 id
277 2325 314 2384 est
328 2325 449 2384 maxime
462 2326 553 2397 astuti,
573 2328 669 2384 omnia
677 2326 716 2385 ad
728 2326 801 2384 suam
817 2328 961 2391 utilitatem
982 2332 1097 2392 referre:

237 2402 305 2480 quid
324 2402 392 2461 milri
411 2402 524 2461 tandem
545 2416 601 2461 erat
620 2403 733 2472 utilius,
753 2403 819 2480 quid
845 2404 1004 2465 commodis
1032 2410 1098 2469 meis

239 2480 342 2555 aprina,
361 2477 447 2556 quim
467 2480 588 2539 hominis
614 2480 770 2541 nobilillimi
788 2491 870 2556 atque
896 2481 1097 2546 honoratiffimi

158 2617 165 2634 ‚
238 2555 415 2632 conjunfflo:
436 2557 512 2633 cujus
526 2573 609 2632 opes,
627 2557 786 2632 ingenium,
799 2556 875 2616 liberi
882 2557 1016 2631 ,.affines‚
1068 2581 1099 2622 o·

237 2634 356 2709 pinqui,
382 2633 451 2691 mihi
471 2651 597 2711 magno,
616 2634 661 2691 vel
692 2645 875 2704 ornamento,
894 2632 939 2692 vel
970 2580 1098 2711 praeiidio

91 2729 201 2770 cannen
240 2706 294 2796 effe
312 2706 419 2796 poffent
439 2708 451 2766 ἓ
479 2713 552 2787 Quae
564 2721 680 2777 ,ttamen
701 2728 754 2786 ego
774 2710 868 2768 omnia
887 2709 917 2768 in
945 2712 1105 2789 expetenda·

1 2786 5 2802 ”
90 2782 168 2841 alesta
240 2787 358 2844 amicitia
372 2797 435 2855 tua,
455 2805 513 2845 non
527 2787 619 2845 astutia
634 2786 769 2862 quadam,
788 2784 936 2863 sedaliqua'
948 2790 1042 2863 potiirs
1061 2790 1099 2851 sa·

89 2847 161 2896 MSS·
237 2861 354 2936 pientia,
373 2860 477 2920 sectatus
489 2863 556 2921 sum.
596 2861 693 2937 Quid?
712 2863 756 2921 illa
770 2863 877 2921 vincula
893 2905 901 2932 ,
920 2864 1020 2938 quibus
1040 2867 1099 2945 qui·

235 2937 300 2997 dem
312 2937 483 2998 libentissime
497 2939 660 3014 adstringet,
679 2949 779 3016 quanta
792 2939 853 2996 sunt
867 2935 879 2994 l
898 2938 1054 3003 studiorum
1067 2942 1099 3003 st·

233 3013 378 3083 militud0‚
397 3013 508 3072 suavitas
523 3014 740 3084 consuetudine,
761 3014 905 3074 delestatio
924 3017 993 3076 vitae
1018 3032 1100 3099 atque
1125 3042 1128 3055 ·

235 3090 345 3162 vidus,
363 3089 495 3151 sermonis
515 3090 650 3162 societas,
672 3092 789 3152 alterae
816 3092 966 3153 interioreu
1006 3095 1100 3235 Argi&

272 3352 292 3395 3.
309 3343 521 3402 Laeuinorum]
551 3344 666 3393 Dicuntur
674 3358 718 3409 pro
727 3339 987 3407 exquisierunonvur
1034 3344 1098 3395 'etu-

238 3398 347 3459 ditione,
363 3419 414 3466 qua:
423 3404 530 3455 secretior
539 3407 584 3465 est,
601 3411 627 3458 &
642 3423 672 3456 ex
686 3408 800 3471 penetrali
814 3400 926 3455 dostrinae
940 3406 973 3457 ha
1064 3408 1097 3459 Sic
1133 3451 1135 3458 ,

236 3464 346 3535 ,Lib-vu·
363 3481 442 3547 enai.
460 3476 515 3536 opus
526 3471 554 3534 ‹st
564 3475 707 3525 ratramno
719 3472 745 3526 u
756 3471 1004 3551 papinianum„
1019 3470 1097 3546 arua
1134 3467 1136 3474 ⁴
