2272 4020
264 266 455 337 Linea
496 269 742 339 Snx'aus.
870 290 933 357 295

358 350 378 381 l

55 380 127 460 Jeffi
145 380 237 443 sumus
253 428 262 455 2
281 404 366 463 quam
387 388 409 448 fi
429 386 589 449 abelsemus.
615 387 664 447 etsi
683 386 842 464 meipsum,
862 405 932 446 con·

59 457 209 547 solatorem
221 474 320 533 tuum,
339 482 400 525 non
419 479 528 525 tantum
554 466 677 534 litterae,
702 466 799 553 quibus
825 464 932 538 semper

60 534 183 607 ΜΨ,
220 552 357 616 quantum
388 543 573 621 longinquitas
606 555 740 618 temporis
767 541 955 617 hmingavitb
971 544 1067 615 mitiga

60 612 180 687 Quanto
188 616 296 702 'fuerim
316 617 432 691 dolore,
451 620 609 681 meministi.
647 618 681 677 ln
701 635 760 694 quo
781 619 869 693 prima
888 610 995 675 illaMS·

60 688 216 751 consolauo
229 692 284 765 est,
304 704 334 735 ²²
342 694 437 757 vidisse
451 698 602 775 ineptius,
620 693 708 773 quim
722 706 847 763 ceteros,
865 692 931 751 cim

886 787 936 829 cu·

61 916 133 991 !¹¹l¹¹³
148 934 226 971 mete
242 957 250 981 ,
266 923 299 973 est
314 924 464 977 fortunatum
477 924 542 979 else:
565 930 591 979 dt
606 925 782 993 quibuscunque
796 925 845 975 hac
865 921 932 979 sunt,

61 979 110 1029 ¹¹¹ss
118 979 181 1053 ,bene
190 1000 217 1035 ἢ(
227 985 296 1037 beate
306 987 353 1045 est,
367 1002 394 1039 ut
403 1006 475 1057 poeta
485 990 533 1057 ipsc
543 991 656 1063 loquitur.
689 991 729 1041 Eli
740 1004 820 1039 autem
830 1002 857 1035 ca
873 983 935 1035 tiosa

61 1056 156 1094 otatto:
173 1053 282 1111 quamvis
292 1052 589 1119 enimbeatihominesiplt
599 1054 759 1120 quoquehaec,
767 1053 847 1117 quavi
863 1062 933 1099 entuc

63 1110 213 1181 cmmoda,
229 1112 350 1173 habeant,
366 1132 417 1165 non
428 1130 510 1167 tamen
521 1114 661 1176 necessario,
678 1118 719 1183 qui
731 1132 760 1165 ea
769 1116 871 1169 habent,
887 1110 935 1160 sta-

61 1181 110 1219 um
122 1168 186 1224 beati
196 1172 261 1223 sunt:
278 1192 336 1231 nam
347 1182 389 1242 qui
400 1180 479 1237 nihil,
495 1180 561 1246 quod
572 1183 697 1238 amittant,
714 1179 819 1235 habent,
836 1180 853 1227 ii
870 1190 933 1240 quo·

63 1246 113 1297 que
121 1250 173 1285 non
184 1252 291 1289 metuunt
303 1240 365 1289 mea
377 1260 384 1291 ι
401 1246 428 1293 &
437 1246 480 1309 qui
490 1257 585 1310 propter
595 1244 734 1311 egestatem,
750 1243 842 1292 famem
851 1239 934 1304 exple·

60 1304 433 1419 mammilliani
447 1306 934 1421 {llssnlliaaa‘llls‘llqdl

61 1420 114 1497 ess,
129 1428 156 1475 δι
163 1428 255 1501 ¹vitium
264 1430 327 1479 illius
337 1446 445 1501 acemate
454 1433 588 1499 expositum
598 1436 623 1483 in
634 1450 657 1482 11
669 1434 731 1483 libio
741 1432 770 1482 de
783 1436 841 1481 Acte
876 1444 933 1479 cen-

61 1484 108 1543 d12
124 1490 151 1537 ἃ
161 1506 191 1565 ¹¹².
198 1497 391 1554 commentario,
426 1512 482 1546 uem
495 1498 623 1565 appellavit
641 1498 755 1552 Σιοιςικὲς
769 1496 884 1557 inimic,
903 1506 933 1541 π

61 1560 116 1601 tota
137 1550 240 1619 demque
253 1572 289 1605 rea
303 1558 407 1625 eleganti
426 1562 482 1610 tntis
496 1576 566 1611 exem
582 1561 612 1609 lis
621 1561 746 1625 explicata.
778 1562 839 1607 Late
852 1568 934 1606 autem

62 1624 129 1677 patet
144 1615 190 1665 hoe
201 1620 303 1677 vitium,
317 1622 522 1685 quemadmodum
537 1627 545 1673 i
562 1578 624 1674 sliu
639 1623 750 1674 Elenchis
766 1618 888 1679 ostendit,
904 1622 933 1670 dc

62 1676 163 1751 multoc
176 1679 225 1729 haec
245 1687 325 1750 captio
345 1685 371 1735 in
389 1686 498 1737 fraudem
520 1641 630 1737 ingncete
653 1684 781 1739 consuevit.
813 1689 880 1735 Nam
903 1683 932 1731 in

61 1738 194 1815 Rhefonca
208 1745 278 1796 docet
297 1762 353 1797 eum
367 1751 408 1814 qui
426 1766 482 1799 cum
497 1750 660 1801 Alexandtum
675 1750 760 1799 etiami
775 1748 835 1813 tegit
854 1746 933 1795 fitium

62 1800 171 1853 laudibus
185 1822 297 1866 otnatet,
314 1826 339 1860 at
397 1827 489 1862 entatua
503 1828 552 1863 etat
571 1815 641 1863 illum
662 1814 843 1887 magnanimum
864 1806 931 1866 effe,

61 1864 215 1935 quodspieta
225 1872 337 1922 consuetu
353 1877 392 1924 ine
404 1878 535 1925 multotum
544 1880 569 1925 in
580 1876 626 1925 idn
641 1890 732 1924 montis
746 1872 873 1923 solitudine
888 1872 932 1921 de-

63 1942 144 2005 geret,
160 1930 204 1981 hac
219 1938 368 2003 captiuncula
378 1937 445 1988 usum
459 1936 511 1990 effe.
545 1941 659 2000 Quamvis
679 1940 744 1986 enim
758 1936 841 2001 magni
855 1936 931 1985 animi

63 2006 109 2043 van
123 1994 302 2049 multimdinem
315 1999 427 2065 fugiant,
443 2017 470 2050 ac
486 2000 536 2051 sola
547 2001 682 2065 desertaque
697 2002 752 2051 loca
771 1998 869 2048 libentet
883 1997 933 2046 ste-

38 2114 41 2119 ,
64 2070 199 2131 quemeut:
216 2078 267 2111 non
281 2076 364 2112 tatnen
384 2064 510 2115 necellutio
524 2068 659 2130 quicunque
673 2066 699 2112 in
713 2061 777 2112 silvis
791 2057 932 2125 desertisque

61 2118 123 2169 lons
146 2136 290 2183 motantur,
306 2130 455 2193 magnanimi
470 2126 529 2181 sunt.
562 2127 622 2177 inde
641 2140 720 2176 autem
741 2141 804 2175 ector
823 2123 934 2183 ducitae,

63 2182 132 2249 quod
147 2198 230 2249 putant
243 2200 324 2239 totam
338 2206 389 2239 tem
404 2190 529 2251 conveni,
545 2194 585 2249 δι,
601 2204 626 2239 ut
644 2190 767 2239 Dialeilici
781 2189 933 2253 loquuntur,

63 2248 105 2295 tir
120 2250 261 2301 dawinum
276 2256 433 2315 dieculam,
451 2252 612 2319 quodfalsum
623 2252 663 2305 est.
695 2252 787 2303 Eadem
802 2253 863 2300 tatio
880 2260 932 2298 etat

64 2310 166 2385 elffissflui
175 2316 255 2363 exules
264 2314 347 2366 beatos
357 2316 404 2367 esse
412 2316 565 2383 pudieam,
581 2317 647 2384 quod
659 2315 752 2391 possent
762 2314 842 2365 sedem
850 2326 877 2361 ac
887 2309 934 2361 do·

63 2377 155 2447 maulia
167 2372 205 2425 sua
215 2393 302 2445 ponere
314 2378 446 2447 ubicunque
455 2394 569 2431 tetrarum
578 2381 632 2447 ipsis
642 2381 717 2431 visum
726 2377 796 2429 esset:
812 2378 869 2442 quia
879 2376 930 2438 (in-

64 2449 118 2499 quit
129 2438 210 2503 Arist.)
226 2441 274 2490 hac
284 2444 331 2491 illis
343 2446 383 2508 qui
393 2444 456 2494 beati
465 2444 626 2495 existimantut
637 2480 644 2502 ,
661 2440 761 2499 adsunt,
778 2455 862 2491 omnes
878 2441 933 2505 qui·

20 2552 24 2559 ,
64 2496 109 2550 biis
118 2500 166 2551 laaec
176 2500 225 2552 finn
237 2539 244 2561 ,
264 2506 327 2555 beati
338 2507 411 2558 videti
420 2504 521 2573 possunt.
547 2510 568 2557 si
580 2510 632 2573 quis
641 2522 723 2557 tamen
733 2519 800 2554 acute
808 2501 864 2569 pers
874 2516 931 2550 exe-

65 2574 115 2619 nt,
134 2566 251 2631 intelliget
268 2584 319 2617 tem
333 2586 449 2634 magnum
469 2569 592 2621 disctimen
607 2570 711 2625 habete:
727 2571 841 2633 alitctque
853 2518 889 2676 {qt
904 2568 932 2613 in

63 2630 176 2693 exemplo
188 2631 326 2680 Catulliano
335 2634 526 2696 penmaneamus)
544 2633 665 2684 mendicos
676 2648 726 2680 non
737 2646 840 2681 metuere
882 2643 934 2683 tes·

64 2690 93 2738 δι
104 2692 171 2741 aliter
181 2692 279 2742 divites:
296 2693 829 2765 namaugetetiamuitambeatam,habetetes
841 2691 891 2740 suas
896 2692 931 2738 ita

62 2752 153 2804 clausas
168 2758 194 2805 de
211 2756 337 2818 custoditas
357 2772 383 2807 ut
397 2759 436 2808 fin
448 2760 564 2810 danmum
578 2757 660 2809 affecte
675 2774 726 2807 uon
741 2755 820 2821 poffit.
851 2760 932 2817 Quane

64 2830 140 2880 quum
150 2818 199 2866 hac
209 2836 236 2868 ca
253 2822 288 2869 tio
299 2820 429 2884 appellatur
439 2830 500 2879 nepe*
512 2826 539 2873 ei
552 2822 671 2881 inuuunt.
687 2819 771 2869 deduci
782 2821 855 2868 etiam
865 2812 932 2881 posse

63 2880 203 2930 Aristoteles
214 2899 227 2936 a
244 2883 323 2932 firmat
335 2882 364 2930 ad
374 2885 448 2934 aliam
458 2901 509 2950 que
524 2889 575 2943 nan*
585 2886 685 2942 'lanitia
701 2895 786 2932 vocata
800 2881 847 2938 est,
863 2876 931 2945 quod

64 2943 174 3005 quadam
185 2944 355 3002 desiderentm,
371 2962 414 2995 nec
424 2946 501 2997 sermo
510 2951 593 3012 plenus
604 2951 630 2998 δι
641 2945 758 2997 absolutus
768 2942 805 2997 lit.
824 2947 902 2993 Vilior.

99 3023 136 3057 22.
156 3011 232 3069 Vidtffe
241 3028 274 3056 me
280 3014 342 3072 prius
353 3012 422 3073 quim
430 3017 524 3068 ceteron]
543 3013 580 3060 Sic
606 3013 665 3060 xima
676 3008 751 3058 editio
760 3009 817 3057 Pali.
830 3023 863 3071 pt.
876 3019 931 3059 ten.

63 3074 133 3120 Grut.
140 3074 214 3122 vatic.
233 3072 301 3134 (nam
311 3086 401 3121 ceteros
411 3072 529 3123 consulere
538 3076 576 3124 hic
586 3026 681 3131 elesino,
696 3074 799 3136 tempori
808 3068 933 3118 consulens

62 3133 133 3196 meo)
150 3136 206 3185 alias
218 3151 316 3191 omnes,
333 3136 410 3196 vidiffi
420 3154 453 3183 me
461 3139 517 3199 plus.
534 3139 614 3202 paullo
625 3137 689 3201 post:
705 3152 735 3185 en
746 3132 826 3184 iisdem
842 3131 930 3187 codici-

61 3194 118 3252 bus,
134 3199 192 3247 item
208 3199 312 3248 editione
323 3199 438 3256 vitanti,
452 3198 547 3264 eiusque
561 3202 717 3265 compilatore
732 3198 851 3251 Lambiuo
861 3211 930 3273 tepo-

61 3257 117 3316 sui,
132 3260 180 3307 calm
194 3265 298 3325 cupiebam
314 3267 417 3327 quamvis
431 3267 507 3326 iniqua
521 3266 638 3309 canalicium
651 3278 730 3326 pacem.
763 3261 839 3311 Aliter
855 3274 930 3322 quam

63 3321 132 3387 lllpra
143 3322 213 3378 liba.
229 3340 266 3389 ep.
279 3343 317 3381 21,
336 3323 418 3389 quivis
437 3324 486 3374 tuti
506 3328 622 3372 conditione
634 3340 706 3387 pacem
721 3330 825 3388 accipere:
842 3320 882 3371 sed
896 3322 931 3371 ibi

61 3388 111 3436 alia
122 3400 261 3451 quoqueres
272 3402 328 3437 etat.
345 3391 450 3438 Gebhard.
483 3392 536 3435 Plus
545 3388 623 3448 uitliffi
637 3388 670 3436 est
680 3389 788 3444 locutio,
809 3401 857 3451 qua
872 3400 930 3451 gau-

62 3450 103 3504 det
122 3451 206 3498 Cicero
221 3449 351 3516 significate
368 3453 420 3517 plus
436 3449 549 3515 sapuisse,
570 3451 653 3499 melius
675 3446 819 3500 consuluisse.
852 3451 888 3499 Sic
904 3450 932 3498 in

62 3518 131 3563 orat.
149 3527 192 3576 pto
206 3518 271 3579 Lege
286 3516 371 3565 Manil.
389 3519 430 3562 Sin
449 3530 521 3563 autem
540 3532 579 3561 uos
594 3516 645 3577 plut
664 3526 713 3561 tum
735 3517 758 3561 in
773 3526 815 3575 rep.
832 3512 929 3571 vidistis.

60 3577 160 3647 tinum.
173 3590 207 3632 11,
233 3585 284 3630 cnm
303 3596 336 3626 me
354 3580 434 3643 vidtfft
449 3580 500 3645 plus
517 3576 647 3695 firtonum
663 3577 688 3640 st
702 3575 817 3643 sporatifft
830 3578 930 3687 mela‘qua.

570 3659 587 3702 4
920 3651 935 3687 ο
