2206 3914
10 35 20 206 l

10 208 14 273 l

222 176 412 241 Lrnnn
454 173 783 241 Sneuuous.
877 156 937 263 top

68 288 120 359 tit,
138 300 173 349 ut
186 306 259 349 curn
276 288 430 363 legionibus
448 286 507 346 iret.
546 287 606 345 Uni
634 286 753 362 epistolae
781 287 931 365 respondi:

70 368 140 425 unio
154 365 193 425 ad
207 366 331 425 aiteram.
370 362 453 423 ¹Petis
469 407 478 434 ,
496 374 527 422 ut
542 363 641 421 Bibulo
661 376 689 420 re
710 363 794 439 quim
816 366 947 443 diligent
964 371 1056 426 nerlu

67 440 153 501 iffinre
168 441 391 500 commendem:
412 442 512 516 inquo
533 440 601 497 mihi
621 440 746 497 uoluntas
760 458 818 499 non
838 442 927 505 deest:
938 438 1037 487 mflff·

64 516 192 577 innocus
208 516 265 576 elle
280 517 387 576 videtur
399 528 494 574 tecum
515 514 709 591 expostulandi.
748 516 823 575 Solus
850 523 926 582 enim

10 661 12 667 Ι
64 604 133 653 tuex
156 594 317 663 omnibus,
343 594 391 670 qui
411 610 477 650 cum
497 592 595 650 Bibulo
616 590 699 660 sunt,
719 594 864 653 certiorem
878 617 925 657 me

10 670 12 719 ἱ
64 686 212 747 numquam
226 669 331 738 fecisti,
345 667 431 745 quam
445 666 524 726 valde
539 667 626 725 Bibuli
639 667 765 725 voluntas
778 666 794 725 i
808 673 924 733 mesine

10 796 14 807 .
62 746 129 804 trusa
143 748 315 807 abhorreret.
328 744 459 803 Permulti
473 745 548 802 enim
562 743 650 802 adme
668 742 838 815 detulerunt,
858 748 922 810 cum

10 852 12 861 ·
62 838 169 897 magnus
183 821 349 881 Antiochiae
363 833 480 879 mmetus
494 816 575 890 ellet,
595 822 625 879 ὃ(
639 836 738 895 magna
752 820 808 895 spes
821 824 849 881 in
865 838 955 896 me,m
970 831 1055 882 attitu-

10 900 15 949 '·
60 910 135 975 atque
148 900 180 957 in
195 899 322 957 exercitu
334 914 418 967 meo,
437 897 547 956 solitum
562 896 652 955 dicere
667 939 675 965 ,
696 897 802 972 quidvis
816 899 842 957 se
862 893 1024 975 perunum

10 972 13 994 ²
60 976 107 1049 peti
120 976 225 1045 malle,
245 972 333 1051 quim
347 974 433 1031 videri
448 970 547 1049 eguiffe
560 972 661 1030 auxilio
676 991 750 1031 meo.
777 976 854 1050 quod
868 996 923 1053 ego

10 1077 13 1094 ·
59 1048 146 1111 offido
167 1050 321 1129 quaestorio
339 1063 368 1108 te
388 1048 561 1118 adductum,
587 1050 699 1107 reticere
715 1048 743 1102 3⁶
751 1049 785 1107 de
804 1066 923 1126 praetore

10 1258 12 1269 ,
62 1200 118 1261 dum
131 1203 320 1273 nnaenrere,
339 1201 491 1261 audiebam.
511 1202 523 1260 Ι

60 1136 119 1197 tuo,
137 1146 202 1187 non
223 1123 339 1185 moleste
360 1124 505 1184 ferebam:
524 1142 716 1259 quamquam,
736 1128 920 1201 quemadmo-

544 1220 559 1258 e
572 1214 682 1270 autem,
702 1200 765 1259 clun
779 1204 814 1262 ad
828 1206 943 1265 Ther-n
969 1221 1068 1274 emam

59 1294 131 1339 num
161 1279 199 1339 de
226 1280 355 1340 Parthico
377 1278 449 1336 bello
476 1278 602 1336 scriberet
623 1316 648 1345 ,·
664 1277 698 1335 ad
725 1295 771 1335 me
798 1280 915 1343 litteram
926 1280 976 1328 MS·

10 1361 27 1389 '·
58 1372 211 1435 numquam
232 1355 329 1423 misrt;
367 1354 401 1412 ad
422 1370 506 1430 quem
533 1350 727 1429 intelligebat,
761 1354 818 1429 ejus
856 1359 918 1419 belli

10 2436 16 2565 l

107 1434 207 1491 culum
239 1434 383 1508 pertinere.
422 1428 547 1489 Tantum
581 1429 616 1487 de
649 1440 780 1505 auguratu
807 1430 854 1491 filii
880 1435 919 1495 sui

57 1448 150 1585 dddpfit
164 1509 203 1567 ad
217 1526 263 1567 me
279 1528 286 1567 :
307 1509 407 1582 inquo
422 1524 474 1582 ego
489 1504 670 1564 misericordia
685 1520 844 1566 commotus
859 1553 867 1579 ,
888 1513 947 1571 &R
965 1518 1048 1570 xxix,

58 1584 128 1671 qr'od
142 1586 202 1643 sem
222 1602 252 1643 er
264 1583 439 1642 amiciffirnus
453 1583 548 1640 Bibulo
563 1583 620 1651 fui,
640 1580 703 1640 dedi
730 1602 842 1657 operam
858 1629 866 1655 ,
886 1602 917 1647 ut

10 1688 13 1697 ·
57 1676 78 1718 er
106 1662 175 1720 narn
196 1604 390 1721 dumaniffime
411 1658 583 1717 ⁰scriberem.
622 1658 670 1716 Ille
691 1658 711 1715 fi
732 1661 858 1719 omnibus
878 1666 942 1724 esto
956 1669 1065 1724 rescribe.

58 1752 80 1795 n
105 1738 196 1796 'volus
210 1738 301 1814 (quod
313 1754 467 1812 numquam
481 1735 641 1808 existimaui)
662 1732 750 1792 minus
764 1736 973 1799 noffendortem
989 1740 1063 1813 urat,

10 1835 12 1842 ·
57 1812 154 1873 inme:
176 1813 325 1873 sinautem
339 1813 355 1871 a
370 1832 417 1871 me
431 1812 468 1870 est
481 1812 610 1878 alienior,
631 1811 698 1869 nihil
717 1812 765 1869 tibi
785 1831 857 1871 meae
871 1807 938 1873 lit·P
963 1794 1063 1852 ⁰ff⁰1¹d¹²

10 1856 18 2009 l

57 1898 114 1949 terae
126 1888 290 1967 proderunt.
328 1887 421 1957 Nam,
441 1887 475 1945 ad
489 1888 611 1946 senatum
631 1905 697 1962 quas
717 1886 824 1946 bibulus
843 1870 962 1950 litte·me
973 1864 1024 1910 MS·

56 1966 194 2037 usmisit,
213 1967 306 2036 iniis,
327 1964 405 2040 quod
422 1964 490 2021 mihi
511 1980 576 2020 cum
596 1960 644 2020 illo
664 1973 720 2018 erat
740 1980 916 2039 commune,

55 2040 96 2101 fibi
108 2042 159 2103 soli
171 2043 302 2102 attribuit.
321 2042 348 2098 se
362 2042 399 2098 ait
412 2035 530 2109 curaffe,
552 2049 617 2096 ntur
631 2055 694 2095 cum
704 2038 809 2112 quaestu
821 2046 915 2116 populi

56 2121 164 2193 penuria
185 2129 393 2195 permutaretur.
419 2114 629 2193 qubduautern
650 2131 746 2172 meum
774 2130 831 2175 erar
849 2120 1045 2193 pro-‘mutemv

56 2196 155 2269 prium,
175 2208 208 2255 ut
221 2194 250 2250 ³8
258 2194 343 2253 alariis
356 2190 553 2269 Transpadanis
568 2192 606 2250 uti
619 2208 765 2267 negarem,
783 2193 813 2255 id
828 2196 911 2258 etiarn
920 2172 1044 2232 ‘mm‘

860 2290 913 2349 po·

84 2428 117 2475 36.
133 2424 169 2467 De
175 2431 263 2481 pretore
271 2423 329 2477 tem]
343 2419 418 2483 Atqui
428 2421 464 2468 M.
475 2416 583 2467 Bibulum
592 2414 678 2477 Proeoffl
695 2430 771 2468 vocat.
783 2434 819 2485 ep.
828 2435 848 2470 r.
856 2423 881 2472 δι
889 2440 912 2478 3.

56 2476 156 2532 lltxnn
174 2480 227 2539 sed,
242 2482 338 2531 austore
348 2480 467 2537 Asconio,
484 2487 578 2530 veteres
595 2495 694 2529 omnem
704 2482 864 2544 magistratum
875 2488 912 2535 cui

56 2558 138 2607 pretet
149 2546 279 2602 exucirus,
295 2550 406 2592 Putarem
416 2544 569 2608 appellarunt.
604 2544 687 2591 Corred.

81 2624 107 2665 37
122 2614 158 2654 vt
173 2624 223 2655 cum
251 2607 315 2666 uester
326 2610 400 2670 populi
407 2611 495 2669 pecustr'a
508 2612 685 2670 pernumeratum]
715 2611 836 2653 Permanere
848 2621 912 2671 peae-

54 2672 104 2717 n'm
117 2669 151 2719 est
165 2625 367 2719 transdcriberede
377 2671 432 2718 loco
442 2669 570 2725 inlocum,
585 2666 633 2717 five
642 2668 730 2717 l'olvere
740 2670 764 2716 in
780 2668 827 2717 hoc
841 2672 910 2729 loco,

54 2735 104 2781 uin
113 2735 164 2782 alio
173 2732 302 2789 reddatur,
319 2733 384 2796 quod
393 2733 474 2796 lingua
483 2733 573 2798 vulgari
584 2730 681 2783 dicimus
693 2730 749 2779 nont
764 2728 830 2784 luill'el
845 2735 911 2783 nbat:

53 2792 137 2843 mm.
167 2796 205 2844 Sic
217 2795 268 2846 Lib.
276 2810 321 2845 111.
339 2810 374 2858 ep.
383 2812 403 2852 5.
419 2796 466 2841 vbi
476 2808 514 2857 per
519 2810 595 2858 paucos
609 2797 672 2852 dies,
687 2796 740 2839 diem
751 2799 839 2855 pecunia
852 2802 910 2843 acci-

10 2861 15 2874 *
50 2860 114 2917 pinet,
129 2874 177 2922 qu
186 2862 244 2906 mitt
254 2877 280 2905 ex
290 2859 375 2919 publica
386 2862 538 2921 permutatione
548 2860 650 2914 debetur,
665 2858 808 2907 contmorabnr.
826 2858 876 2907 Lib.
885 2875 907 2909 V.

52 2918 76 2967 td
84 2922 157 2971 Attio.
170 2936 208 2987 ep.
217 2938 227 2970 r
231 2938 252 2977 3·
286 2924 340 2987 Ego
349 2934 428 2984 preter
439 2924 556 2970 rationem
572 2920 696 2984 Philogorri
709 2953 716 2975 ,
731 2924 910 2983 permutationis

51 2982 104 3041 qiu,
119 3000 188 3047 qnam
201 2998 272 3031 tecum
283 2982 342 3041 feci,
357 2986 423 3033 edidi.
456 2984 515 3032 Vide
532 2987 604 3033 etiam
620 2982 745 3032 earundem
760 2982 910 3045 epistolarum

50 3042 139 3107 uibar.
156 3062 194 3111 ep.
205 3064 226 3096 r.
244 3049 315 3095 &za
334 3045 440 3096 Libxtr.
458 3062 540 3110 ep.24‚
552 3051 577 3096 &
589 3055 625 3096 26.
652 3047 809 3103 J.F.Grono:·.

78 3116 112 3163 3⁸·
129 3108 412 3172 Atautsrranspadantsq
427 3113 458 3158 H.
475 3114 627 3157 Krannon.
646 3113 842 3155 Scrrnunrus
854 3112 909 3155 No·

51 3168 76 3215 tis
94 3168 124 3219 ad
139 3174 265 3237 Hyginum
280 3174 445 3220 Gromaticum
464 3171 493 3218 de
504 3171 665 3219 Castramerat.
682 3175 755 3217 Rom,
766 3182 819 3232 pag.
828 3166 864 3220 ⁶6.
881 3174 909 3221 δι

53 3228 206 3295 bqumtibus,
222 3232 337 3307 prolixius
348 3235 408 3283 banc
418 3248 469 3282 rem
484 3236 616 3296 exequitur,
633 3236 658 3279 δι
669 3234 755 3295 primus
770 3230 849 3279 docuit
860 3234 909 3282 ala-

54 3298 191 3345 uunveterin
200 3296 350 3359 reipublicae,
366 3300 391 3344 bc
425 3311 458 3342 uae
473 3294 525 3358 post
540 3296 644 3342 Marium
659 3308 755 3357 qunque
769 3293 853 3342 deinde
868 3296 909 3346 sub

54 3354 170 3407 Cesaribus
181 3360 265 3423 primis
275 3357 368 3406 ruemm
379 3312 422 3406 did

52 3412 127 3469 ioum
137 3422 231 3487 ingenii
241 3435 270 3469 ac
279 3419 402 3493 domina,
417 3421 459 3469 has
470 3424 548 3470 Notas
560 3414 675 3487 suppresso
680 3422 837 3479 nomine,aut
843 3422 908 3468 notis

52 3488 138 3537 Qum
145 3484 271 3546 mditato,
287 3481 368 3539 odnd'u.
384 3487 494 3539 Greur'er.

413 3360 508 3406 crimen.
542 3363 563 3405 Is
575 3358 638 3403 enim
653 3357 687 3403 vir
702 3354 865 3405 Illustrilsrmus
880 3362 908 3408 dt

826 3559 862 3601 aa·
879 3545 913 3591 Ε·
