2272 4020
117 149 322 216 Libere
363 149 694 233 Secuunus.
803 170 850 236 91·

47 263 238 341 afferebantur.
270 280 336 322 nam
357 265 482 324 citeriora
503 265 630 323 nondum
657 264 843 330 audiebamus.
864 296 866 305 ·

42 352 134 405 temeti
149 340 219 403 nihil
232 358 279 400 me
293 342 379 416 magis
391 341 565 410 sollicitabat,
584 339 669 417 quim
683 343 711 400 in
724 343 765 401 his
779 363 844 403 mo-

42 438 130 479 snon
153 434 219 486 me,
238 417 258 476 fi
279 435 343 493 quae
363 417 475 477 ridenda
497 413 606 487 client,
633 419 719 476 ridete
738 431 844 483 tecum.

47 497 121 561 enin
137 494 226 559 multa
241 537 250 564 ‚
270 493 360 553 ledea
374 513 434 555 non
448 493 538 551 audeo
552 495 673 556 scribere.
699 495 768 554 lllud
782 517 846 557 mo-

785 574 850 636 lestd

42 710 194 761 salaminae
204 713 230 761 δι
240 710 425 763 vetitatcfsetus.
460 715 526 761 Nam
535 714 661 774 Megalenses
676 713 702 761 δι
719 714 850 775 Megalenssu

42 774 177 837 guknstbus,
193 790 224 822 ne
242 790 271 823 ue
283 779 363 822 Gcaece
375 789 452 839 neque
462 776 546 825 Latine
556 775 601 823 dici
611 773 695 839 potest.
716 778 815 825 ennete.

59 844 96 885 ltu
112 789 248 899 tumulturio
265 842 385 894 conciones,
402 841 434 884 itu
450 838 536 896 molest-e
553 840 711 903 Qinquutriis
725 839 850 898 udftrebuu·

58 898 152 950 vetusti
163 900 256 952 codices
267 904 437 966 Quinquatrus,
453 900 580 967 generandi
591 900 654 951 casu:
671 900 688 949 sr
700 903 765 950 enim
774 906 850 968 Quin-

42 966 66 1010 it's
82 959 160 1018 effen
176 961 194 1011 fi
213 964 317 1014 nificaret
335 962 451 1029 (utputo)
468 963 545 1019 mem,
562 979 611 1029 quo
629 963 710 1012 adlate
729 961 802 1015 elsent
820 964 851 1015 ad

42 1042 81 1077 ton
90 1035 185 1092 qno'ge
205 1042 223 1075 e
234 1028 280 1075 illac
289 1043 332 1078 res.
360 1027 441 1076 intelli
458 1043 495 1075 ere
506 1039 585 1075 autem
596 1042 650 1075 eum
659 1025 723 1076 diem
739 1044 788 1093 qno
802 1047 852 1076 cnu-

52 1090 99 1139 ille
108 1091 244 1150 tumultuose
257 1089 341 1139 habite
351 1087 416 1146 sunt,
450 1090 535 1139 eclarat
546 1105 593 1138 vox
605 1090 647 1139 illa
661 1095 760 1138 citeriora
768 1111 775 1139 :
793 1091 850 1142 dicit

42 1150 199 1203 ‚senondum
214 1148 299 1202 audtfl'e
315 1170 366 1219 quae
382 1151 434 1217 post
450 1168 505 1201 eum
520 1153 584 1201 diem
597 1155 623 1203 in
638 1152 693 1202 urbe
709 1153 772 1219 gesta
788 1153 847 1204 sunt.

42 1230 88 1269 m
102 1218 184 1281 potius
199 1216 259 1281 apud
274 1216 351 1267 bonos
371 1216 478 1264 nudiores
492 1217 644 1281 Quinquatrus
659 1219 762 1266 invenias
778 1234 852 1282 quam

42 1285 152 1344 quaeritr,
168 1278 200 1328 lic
211 1281 276 1328 enim
286 1278 375 1345 semper
386 1277 448 1343 apud
458 1283 519 1329 Sext.
533 1280 670 1343 Pompeium
683 1314 689 1335 ,
707 1282 731 1328 δι
743 1284 853 1331 Nonium

42 1342 127 1391 :ellum
138 1377 146 1400 ‚
164 1346 204 1408 qui
216 1345 276 1392 hanc
287 1358 372 1392 vocem
383 1341 509 1407 diligenter
524 1344 720 1409 interpretantur,
742 1341 852 1408 scriptum

54 1407 152 1455 Nonius
167 1408 239 1457 etiam
254 1405 377 1454 deforma
392 1403 502 1454 vocabuli
521 1418 625 1454 accurate
645 1404 751 1470 disputat.
786 1412 853 1457 Nam

42 1467 123 1537 lapud
132 1471 256 1528 Tacitum,
271 1468 321 1518 Lib.
334 1487 385 1519 xlv.
402 1473 463 1516 Miro
479 1482 549 1516 tumen
565 1474 676 1516 certamine
688 1483 797 1532 procerum
816 1472 854 1517 de·

42 1549 94 1582 ntur
105 1535 268 1597 supplicationes
285 1535 341 1595 apud
360 1538 432 1582 omniu
442 1534 594 1594 pulvinurr‘u,
614 1548 678 1598 utque
692 1536 853 1598 Qiuquutrt'u,

42 1616 59 1647 tt
79 1612 156 1661 apertu
177 1599 256 1656 infidia
275 1597 355 1654 efflent,
380 1599 439 1644 ludis
456 1602 532 1643 utuuur's
548 1598 714 1645 celebrarentur:
737 1595 853 1647 mendum

56 1676 116 1711 natu
136 1664 163 1709 in
178 1660 269 1710 vetusto
279 1657 373 1716 codice,
385 1661 426 1725 qui
442 1657 467 1705 in
485 1657 532 1708 divi
549 1661 626 1709 Murci
641 1659 787 1708 Bibliotheca
801 1659 854 1716 est,

42 1738 137 1790 squatrue
148 1721 196 1781 est,
213 1740 262 1773 non
272 1726 429 1787 Quinquatria.
463 1721 531 1774 idem
541 1736 636 1788 quoque
646 1738 695 1771 non
711 1724 788 1771 multo
799 1735 855 1770 ante

42 1792 99 1839 nin
120 1787 223 1852 vulgatis
243 1786 331 1842 libris,
357 1790 444 1834 Placuit
460 1787 550 1845 solertia
572 1798 660 1846 tempere
676 1789 741 1833 etiem
762 1788 855 1846 adjectu,

42 1854 68 1900 de
83 1853 268 1919 Quinquatruum
279 1849 343 1909 festos
356 1851 401 1896 diet
416 1851 473 1913 apud
487 1853 551 1897 enias
561 1849 729 1911 frequentabunt.
764 1849 852 1897 Vlstot.

42 1954 48 1969 ,
60 1934 77 1966 e.
88 1920 105 1965 i.
116 1931 147 1962 m.
185 1917 332 1976 ut'nquutrus.]
348 1914 399 1961 Sive
408 1917 510 1959 conciones
520 1911 606 1970 moleste
618 1913 644 1958 ἃ
654 1925 704 1957 non
714 1924 808 1960 tantum
819 1924 855 1957 tu·

42 1980 95 2041 usse
110 1976 125 2025 a
140 1978 258 2026 Cicerone
273 1975 394 2041 appellate
410 1972 480 2032 suut,
496 1973 553 2027 stne¹
563 1977 715 2037 Quinquatrus
734 1971 787 2037 ipsa:
807 1991 854 2020 ms·

53 2039 179 2107 appellatae
190 2038 255 2099 lint,
272 2035 338 2106 quod
352 2054 382 2086 eo
396 2036 544 2111 potiffimum
555 2036 593 2085 dic
607 2034 703 2085 turbide
720 2038 745 2084 δι
759 2035 856 2086 nefariae

42 2107 119 2155 nones
129 2100 216 2151 habitae
225 2102 283 2160 sint,
299 2099 426 2151 necessano
440 2101 595 2167 intelligimus
610 2098 688 2154 diem,
698 2113 747 2209 qqro
762 2115 798 2149 ces
808 2097 857 2146 ille

42 2184 76 2219 m
136 2163 218 2214 esunt
230 2201 237 2224 ‚
254 2183 303 2214 non
314 2179 362 2231 quo
374 2166 485 2214 Ciceroni
493 2167 519 2214 in
529 2163 676 2229 provinciam
686 2163 708 2211 al
720 2175 769 2210 ntae.
796 2164 858 2215 Non

42 2232 72 2283 nl
113 2232 196 2279 'onem
205 2229 272 2279 illam
281 2229 332 2277 ullo
344 2228 414 2292 pasto
424 2227 619 2293 probamus,quae
627 2227 655 2273 ln
665 2222 779 2289 impreffis
790 2236 862 2275 antea

41 2334 47 2346 .
80 2296 214 2344 Doctdmus
225 2296 289 2341 enim
300 2294 360 2341 olim
369 2289 446 2339 bonos
456 2289 576 2356 scriptores
585 2290 663 2355 potius
678 2288 725 2338 boc
741 2302 825 2351 genere
836 2288 863 2339 iu

48 2358 151 2413 nornine
160 2355 213 2405 usos
223 2352 269 2404 effe
280 2371 352 2419 quam
362 2367 459 2411 neutro;
477 2349 683 2419 castigavimnsque
693 2352 775 2399 locunt
785 2351 863 2403 Taciti

45 2423 70 2471 in
79 2420 126 2471 hae
143 2420 203 2471 voce
213 2433 332 2488 corruptus
342 2431 397 2467 erat.
432 2418 517 2466 Cicero
527 2419 599 2465 etiam
614 2415 644 2464 ad
660 2412 816 2465 Cornificium
826 2413 864 2460 in-

42 2500 63 2533 :t
109 2484 262 2549 uinquutrs'bus
278 2482 386 2546 frequenti
399 2481 477 2540 senatu
490 2480 582 2542 cuufficm
601 2491 663 2526 tuum
681 2480 721 2540 egi.
754 2475 823 2529 Idem
837 2477 865 2525 'm

42 2549 116 2599 urion
133 2558 167 2596 us.

42 2630 64 2669 3.
81 2618 120 2659 Itu
128 2608 217 2668 moleste
227 2610 379 2675 Qiuquutrus
389 2605 545 2668 efferebantur]
565 2604 615 2654 Alii
655 2604 804 2666 uinqtmtrr‘t's,
825 2601 866 2648 Vin

42 2676 84 2725 ius
107 2675 265 2745 Quinquatrus
285 2667 392 2735 reposuit.
421 2677 525 2723 camerae.
563 2674 600 2716 lta
621 2670 650 2715 Vi
676 2669 726 2714 .&
741 2664 792 2730 post
812 2679 868 2717 eum

42 2738 86 2789 nb:
98 2737 155 2801 (qur
169 2747 252 2784 tamen
268 2748 317 2780 turo
331 2734 356 2780 in
371 2729 414 2780 suo
428 2733 520 2797 reperiri
534 2729 629 2780 testatur
644 2727 802 2840 Qqss'nquurres)
819 2727 867 2777 Pul.

42 2803 181 2852 Vaticanus.
197 2813 254 2846 nant
265 2808 363 2844 eeterae:
379 2799 544 2860 Qs'nquutris‘s,
562 2791 638 2846 cebir
675 2829 681 2846 .

42 2862 241 2914 Observationum
251 2861 322 2925 patris
333 2872 382 2922 cap.
391 2873 426 2907 tn.
444 2864 539 2910 Gronov.

42 2948 74 3049 qi
84 2930 272 3037 anqmmss
290 2924 401 2992 Quinque
410 2919 458 2973 diet
470 2922 522 2973 festi
536 2921 648 2977 fitentur,
664 2919 779 2971 Minene
794 2915 870 2965 dicati

42 2992 48 3003 ’
91 2995 123 3039 Lr
142 3003 202 3039 .111.
220 2992 237 3037 F
273 3025 279 3043 .

78 3060 134 3107 'Una
143 3055 190 3100 diet
199 3054 271 3099 media
280 3049 320 3110 est,
336 3051 362 3102 du*
374 3048 433 3110 fiunt
443 3048 506 3109 sacre
520 3049 639 3103 Minerva,

111 3118 208 3166 Nomine
217 3131 261 3179 que
272 3131 285 3160 u
295 3115 378 3173 junilit
387 3116 481 3178 quinque
489 3111 560 3157 diebus
568 3112 649 3164 habeut.

42 3199 82 3237 uo.
104 3185 273 3245 Qinquurum
289 3179 346 3224 dien
366 3177 398 3224 ait
419 3172 582 3238 appellatum,
604 3170 670 3237 quod
684 3181 734 3220 erat
748 3167 800 3234 post
811 3167 875 3219 diem

42 3241 173 3297 naumld.
190 3245 264 3290 Mart.
281 3239 360 3297 idest,
376 3253 428 3293 xrv.
439 3237 492 3289 Kal.
504 3241 559 3305 Apr.
577 3239 760 3300 &quamquam
774 3248 804 3281 ex
815 3234 875 3280 Ovi·
952 3238 956 3249 ·

42 3308 161 3365 sconstet,
175 3308 319 3369 quinquatrus
332 3299 400 3351 fuiffe
414 3301 519 3366 quinque
534 3296 602 3346 dies:
618 3311 719 3354 tamen,
735 3312 789 3344 cum
805 3296 875 3343 Cice·
962 3324 964 3329 .

42 3368 307 3438 quinquatrus'nominat
320 3400 328 3422 ,
343 3362 499 3427 non'sempet
513 3376 554 3410 eos
571 3375 654 3409 omnes
669 3358 738 3416 dies,
755 3357 793 3408 sed
803 3359 876 3405 inter-

42 3453 64 3487 m
72 3437 181 3503 primum
190 3432 313 3482 dumtaxat
325 3444 408 3478 eorum
416 3425 532 3492 fignificat
542 3459 550 3486 a
566 3436 592 3478 ut
602 3420 712 3491 epist-25.
728 3421 781 3476 Lib.
789 3435 839 3473 xer.
850 3423 877 3468 &

45 3502 121 3557 Attio.
133 3497 233 3554 urbm.
250 3509 286 3565 ep.
294 3510 316 3555 9.
333 3498 359 3548 P.
369 3494 457 3546 uenus.

802 3559 845 3620 tn
860 3546 892 3593 vl

699 2789 768 2841 Adde
781 2790 870 2840 librum
957 2786 961 2792 ’
