2272 4020
224 128 285 202 352
324 106 436 179 Errsr.
451 127 502 175 nn
523 100 576 177 M.
598 98 775 189 Murum,
797 120 841 173 ur
862 111 1019 176 curtios

226 243 290 284 mea
304 223 434 301 quaedam
455 221 503 280 tibi
524 239 584 308 non
603 222 700 297 ignota
724 220 883 292 dubitatio,
903 234 951 281 aut
964 221 1089 298 impedire

167 312 178 377 ζ
227 301 434 377 profectionem
448 315 543 356 meam
556 298 715 369 videbatur,
735 309 783 357 aut
797 296 870 356 certe
884 298 992 357 tardare
1001 318 1008 357 s
1018 300 1090 370 vide,

77 362 205 485 23¹²ng
228 376 297 511 lquid
310 377 379 435 mihi
393 373 561 433 tsumseritn.
600 370 684 450 Coepi
703 374 791 444 velle,
811 391 843 431 ea
866 373 1034 434 Trebatium
1055 395 1092 435 ex·

79 446 146 543 6¹¹2}
240 451 377 539 nectarea
391 462 438 521 te,
457 467 521 543 quae
535 447 675 526 *sperasset
694 448 782 509 bme.
819 448 866 507 Ne
886 457 923 509 tle
945 453 1094 511 mehercule

79 551 188 616 susp,
229 527 320 587 mrnlrs
333 528 360 586 ci
372 529 478 603 prolixe
497 525 531 584 de
544 538 591 585 tua
606 524 749 585 voluntate
770 527 862 601 prom'
899 570 908 596 ,
929 527 1092 604 quameram
1119 559 1121 576 ·

80 615 219 670 munatii.
231 603 322 664 solitus
336 603 371 662 de
391 606 455 662 m'ea
469 594 606 690 polliceri.
646 598 728 661 Casus
748 601 817 661 verb
838 602 971 685 mirificus
1012 606 1094 665 uidau
1118 587 1121 644 l

230 681 396 749 intervenit,
415 686 490 757 quali
503 679 548 737 vel
562 678 632 737 testis
653 680 792 754 oplnionis
812 698 909 748 meae,
930 682 978 739 vel
991 623 1092 757 iponsor
1118 653 1122 730 l

232 755 408 815 humanitatis
420 770 486 814 tuae.
525 755 600 812 Nam
616 753 680 815 cum
694 755 730 813 de
743 756 799 813 hoc
812 755 870 831 ipso
885 748 1025 816 Trebatio
1041 776 1092 817 cun

233 832 318 892 Balbo
346 831 440 891 nostro
460 831 589 907 loquerer
615 829 765 890 accuratius
786 831 864 889 domi
886 844 987 903 meae,
1007 835 1091 893 littera

234 910 304 970 milri
317 909 414 966 dantur
432 906 450 966 a
469 918 520 965 te:
541 907 637 983 quibus
659 909 688 967 in
708 908 837 966 extremis
862 906 997 985 scripturn
1026 922 1092 979 erat,
1121 913 1122 968 l

122 1003 148 1056 p,
163 1007 190 1053 B.
238 985 265 1039 3⁶
275 995 316 1041 M.
331 984 458 1058 Orfitum,
478 1003 554 1115 Zuem
569 983 636 1040 mibi
655 983 834 1052 commendas,
854 984 899 1041 vel
919 1006 1004 1062 regem
1017 986 1094 1044 cattis

86 1080 100 1120 s
125 1062 358 1135 Legatumfatiam,
379 1070 406 1113 37
416 1059 460 1117 trel
498 1079 549 1116 unc
570 1069 649 1136 Lepte
666 1060 776 1147 ³delegu.
815 1060 843 1117 si
864 1061 909 1118 vis
926 1080 987 1133 tu,
1011 1064 1049 1121 ad
1063 1082 1110 1121 m·

83 1133 136 1257 {fb
152 1130 208 1177 Μι-
239 1137 324 1197 alium
343 1136 420 1197 mitte
441 1156 518 1217 quem
536 1156 630 1197 ornem.
670 1134 826 1197 Sustultmus
847 1154 947 1198 manus
985 1140 1018 1198 δι
1051 1156 1094 1217 ego

89 1254 173 1310 utut.
1072 1218 1095 1275 ὃ(

274 1359 310 1415 36'.
325 1355 359 1409 M.
376 1350 535 1423 Fvllilldl
545 1375 607 1424 quem
626 1348 682 1407 mihi
696 1348 843 1416 commendas]
868 1350 923 1424 Ego
944 1346 1096 1423 calligavild

241 1422 332 1485 Orfitum.
349 1436 415 1471 vetus
430 1421 506 1470 codex
520 1422 547 1469 in
567 1421 612 1471 hoc
631 1422 730 1472 nomine
747 1421 857 1470 nonnihil
874 1419 958 1479 mendi
981 1421 1097 1470 condens
1127 1435 1128 1438 ’

170 1518 172 1523 -
259 1487 319 1533 otius
334 1486 398 1533 enim
411 1486 526 1546 vrfiuium
541 1483 574 1533 ibl
589 1485 660 1548 legas.
694 1489 747 1534 Nos
768 1488 794 1535 &
807 1483 887 1533 exhis
902 1482 1026 1548 vestigiis,
1040 1484 1098 1532 &el
1130 1539 1131 1544 ¹

239 1499 298 1597 foco
313 1549 339 1596 in
351 1547 449 1612 epistola
464 1546 494 1596 ad
510 1548 626 1658 ‘fflm
641 1552 746 1597 Fratrem
761 1547 844 1609 orfitum
854 1546 988 1612 legendum
998 1543 1045 1595 else
1054 1559 1097 1593 cen·

193 1644 197 1650 -
240 1607 345 1659 suimus:
367 1625 425 1659 nam
440 1611 501 1659 hunc
584 1624 614 1675 ap
631 1624 678 1659 atet
693 1625 765 1674 quem
785 1610 935 1659 cumlittetis
957 1610 990 1660 ad
1005 1614 1098 1658 Fratrem

242 1671 318 1730 misit,
335 1676 360 1724 ἃ
371 1675 489 1739 quemilli
499 1626 669 1730 commendat,
685 1677 711 1722 δι
721 1672 852 1729 Tribunum
866 1674 977 1732 rnilitum
992 1670 1040 1721 effe
1052 1670 1098 1721 diti

242 1726 270 1785 in
285 1725 381 1785 Castus
394 1740 503 1787 exercitu.
537 1734 612 1786 verba
632 1746 710 1786 autem
730 1735 778 1785 lraec
795 1732 890 1784 casatis
905 1737 941 1784 ita
955 1732 1099 1801 leguntutin

243 1797 355 1848 omnibus
365 1800 465 1865 antiquis
476 1798 660 1864 exemplaribus,
673 1812 699 1848 ut
710 1814 754 1849 nos
764 1797 891 1860 majoribus
901 1799 990 1847 litteris
1006 1798 1042 1862 (ut
1051 1794 1100 1845 sad-

242 1860 288 1910 lius
302 1862 480 1928 distinguantur)
495 1861 536 1912 scri
552 1861 630 1910 limus.
649 1865 760 1913 Vitiorius.
776 1861 894 1910 Nonnulli
902 1856 1100 1910 conantutodeu‘

242 1922 299 1973 dete
312 1925 426 1975 diversum
440 1925 502 1974 hunc
515 1879 578 1982 elie,
606 1923 636 1972 de
651 1940 700 1988 quo
715 1924 753 1974 hic
763 1925 811 2036 offis
826 1920 923 1981 Caesar,
944 1923 976 1972 ab
993 1939 1025 1973 oo
1038 1930 1100 1994 quenl

239 1990 329 2046 ‚Cicero
341 1988 492 2038 commendat
530 1991 599 2037 uinto
613 1989 721 2037 Fratriin
736 2004 749 2036 e
765 1990 773 2036 i
793 1987 833 2036 ola
847 2002 898 2051 quae
914 1987 1017 2044 estest.

244 2060 326 2101 tamen
341 2053 391 2101 fieti
406 2066 431 2100 ut
448 2052 520 2102 dome
540 2054 569 2101 ici
585 2052 675 2115 negotii
691 2065 718 2098 ca
754 2047 810 2098 aab
825 2051 930 2098 exercitu
946 2047 1011 2099 disce
1030 2050 1100 2098 erit&

245 2117 352 2165 Romam
366 2116 473 2173 venerit,
489 2116 526 2164 vel
541 2112 570 2162 ab
592 2120 736 2178 Imperatore
751 2109 830 2175 milsus
845 2113 936 2170 fuerit,
955 2128 1014 2163 cum
1032 2122 1101 2161 autem

245 2177 272 2225 in
284 2180 374 2226 Gallius
389 2177 484 2234 rediret,
495 2176 619 2242 epistolam
629 2178 651 2226 ei
661 2175 751 2225 dederit
765 2179 859 2225 Marcus
871 2177 1033 2241 Cicero,qua
1041 2175 1101 2224 illum

245 2236 312 2289 fratri
327 2237 480 2289 conciliaret:
497 2256 553 2302 nam
567 2253 623 2288 tunc
638 2238 715 2314 primo
730 2254 785 2288 etun
800 2239 830 2287 ad
846 2236 966 2287 cesarem
976 2237 1101 2305 ptofeotn

244 2315 296 2350 non
312 2300 370 2358 effe,
385 2300 444 2352 illud
458 2305 545 2367 aperit,
560 2302 625 2368 quod
639 2304 714 2367 inquit
730 2300 760 2351 de
770 2301 816 2350 hoc
832 2300 863 2351 ad
878 2296 988 2351 Fratrem
998 2301 1101 2359 scribens

243 2365 283 2425 Est
297 2368 402 2414 Tribunus
417 2368 514 2413 militum
531 2371 555 2413 in
569 2370 661 2415 exercitu
673 2366 749 2427 vestro.
782 2365 805 2413 Si
819 2360 884 2413 enim
898 2370 958 2414 tune
968 2366 1102 2431 primumil·

244 2426 301 2485 lumf
310 2424 340 2477 ad
355 2427 470 2478 Caesarem
485 2427 592 2486 missiset,
608 2431 642 2478 ita
657 2429 748 2478 locutus
760 2443 811 2476 non
825 2423 880 2477 effes
896 2461 904 2484 ,
918 2443 965 2477 nee
975 2422 1101 2478 affirmare

244 2505 302 2541 eum
316 2490 379 2543 Trib.
395 2490 459 2540 effe:
491 2491 604 2540 nesciebat
624 2486 688 2540 enim
708 2507 739 2539 an
766 2489 790 2539 id
812 2504 827 2538 a
848 2489 941 2539 celate
972 2492 1102 2556 impetratu·

245 2561 284 2604 rus
299 2551 363 2604 effes.
402 2557 486 2618 orfitum
508 2568 586 2603 autem
610 2552 686 2620 ipsum
704 2554 795 2603 litteras
814 2552 946 2619 ,Ciceronis
974 2554 1006 2603 ad
1034 2548 1102 2613 Call·

244 2624 297 2667 lem
317 2616 416 2667 assuisse
438 2635 488 2682 qun
509 2626 613 2682 peterent
634 2616 663 2667 ab
679 2633 709 2666 eo
729 2631 754 2666 ut
770 2614 844 2681 ipsum
854 2615 991 2666 Tribunum
1005 2617 1102 2669 militum

244 2681 350 2736 faceret,
373 2679 467 2731 Caesaris
486 2680 560 2729 verbis
577 2676 723 2745 intelligitur.
750 2680 810 2727 Idem
826 2683 849 2725 in
861 2678 938 2742 poster.
973 2678 1009 2729 M.
1028 2679 1103 2741 orfim

244 2742 317 2792 edidit
334 2745 467 2802 Vistorius,
490 2743 520 2791 stc
535 2757 630 2809 quoque
652 2742 685 2791 est
706 2745 731 2792 in
747 2743 869 2791 Vaticano.
887 2742 937 2791 Pal
955 2758 990 2817 pr.
1008 2745 1044 2791 M.
1060 2749 1102 2807 lafi-

243 2823 309 2862 num,
324 2804 366 2855 see.
378 2806 481 2867 Mufium.
494 2811 585 2856 Gruter.
597 2805 678 2865 Itfium.
689 2805 775 2870 vulgb,
787 2807 922 2855 meusium
933 2805 990 2863 ahi,
1004 2818 1030 2853 ut
1039 2807 1103 2869 ptisoe

246 2868 333 2924 eduin,
350 2872 385 2918 M.
397 2871 491 2934 liulfum.
516 2869 633 2918 Gebhard.
1131 2884 1134 2891 ’

279 2949 315 2991 37.
335 2935 371 2979 Vel
381 2935 433 2978 hunc
443 2938 509 2995 Lepta
519 2934 608 2995 daege]
623 2931 710 2981 Vereor
719 2928 854 2988 l‘ane,ne‘in
864 2919 987 2980 lrisverbis
997 2927 1102 2980 mendum

244 2994 292 3050 fit,
308 2990 366 3044 nihil
377 3001 459 3042 tamen
468 2988 540 3043 ausim
555 2997 689 3045 immutare:
708 2995 748 3043 alii
762 2994 862 3058 vulgate
877 2993 992 3043 leetionis
1012 2988 1102 3055 vestigii!

244 3058 376 3115 haerentes,
398 3059 460 3106 hunc·
479 3058 559 3106 locum
575 3059 699 3107 emendare
720 3058 853 3111 concentui,
879 3056 947 3121 quod
967 3053 1058 3122 prorfias
1072 3050 1102 3101 fe

244 3121 356 3169 ciendum
367 3137 417 3170 non
426 3122 483 3170 fuit:
500 3121 623 3170 verisimile
633 3123 697 3170 enim
708 3120 740 3170 est
751 3155 759 3178 ,
774 3121 799 3167 ilr
811 3127 890 3167 vetere
906 3120 1020 3185 scriptura
1031 3118 1103 3167 miuo-

245 3180 966 3309 iil.‘filllilllblilegtllssllitlll.lllltffil
977 3180 1103 3309 3?le

244 3311 287 3371 qui
296 3309 334 3357 hic
344 3309 376 3358 est
387 3313 413 3358 in
423 3300 500 3375 priscis
514 3308 684 3373 exemplaribus
694 3344 702 3367 ,
718 3327 769 3369 504.
789 3311 873 3371 Qinto
891 3310 939 3354 dele
951 3309 1011 3369 abofl,
1026 3308 1048 3368 ſs
1059 3300 1104 3370 quil

245 3375 283 3419 uri
296 3388 339 3416 meo
349 3375 473 3434 superabit,
487 3374 513 3425 ὅτ
529 3376 672 3433 emptionibus.
706 3371 749 3421 Sed
759 3372 832 3420 etiam
842 3371 894 3418 aliis
904 3326 1017 3421 inglociS.
1037 3366 1104 3439 03²¹&

246 3426 374 3486 videndum
384 3435 416 3486 cll
428 3451 458 3487 an
468 3437 552 3499 ornus,
557 3434 681 3487 obscuritas
691 3433 796 3488 nascatur
805 3449 835 3485 ex
846 3435 880 3485 rei
893 3432 966 3500 iulius
981 3436 1104 3542 innocua
