2272 4020
185 118 381 187 Linea
424 121 758 195 sneunoos.
859 146 914 195 ποι

42 228 209 369 Ιῧξέιώε
223 234 421 307 morabuntur,
440 233 563 299 celeriter
576 236 619 315 (ut
631 238 722 317 spero)
742 256 793 303 uos
805 240 916 306 uidebo.
985 290 989 295 -

42 381 45 413 t

293 470 552 518 erlsront
589 473 663 521 xvl.

80 588 162 641 ΑΜ.
196 590 274 640 Tribus
283 590 441 654 anniseprstele
457 596 559 642 denonis
574 596 604 643 ed
620 597 709 644 Coesr'm
722 596 775 644 date
785 598 852 659 funt,
863 602 913 663 pri·

58 664 97 709 Ιι,
105 654 211 715 samaia,
227 658 306 711 tertia,
321 657 487 714 MMarcesln
504 660 550 707 Ser.
564 660 659 721 Sulpicio
671 659 720 719 Coffl
736 672 833 724 quarta,
849 668 913 727 quin·

57 723 85 770 te,
92 717 170 777 sexta,
182 717 293 781 sensata,
309 719 403 774 ossava,
420 725 448 769 L.
464 722 559 776 Paullo,
576 728 597 771 C.
609 723 713 769 Marcello
731 725 779 782 soff.
794 740 867 781 nona,
882 731 912 777 L,

57 779 150 836 heae,
177 787 200 829 C.
217 782 321 829 Marcella
339 782 388 842 soff.
410 788 460 830 sset
479 786 558 831 utrime
572 785 677 850 respondet
692 788 721 831 iis
740 787 820 834 litteris
834 788 912 851 quibus

56 854 93 887 m
106 844 184 890 celires
200 844 356 901 oberraverat,
371 846 430 907 nese
445 862 492 893 cum
508 850 604 909 Pompeio
621 852 773 910 conjungeret,
783 851 823 909 sed
833 853 857 896 in
866 854 912 913 epi-

55 902 96 949 dn
110 905 202 969 aliquod
230 907 271 953 else
286 922 380 954 omum
396 908 495 955 recederet
509 910 572 955 donet
586 913 654 957 amit
668 912 746 959 ciuilis
761 915 860 959 eontentio
875 914 912 961 ds·-

49 964 180 1025 ifllt'oem'.
213 971 331 1033 thttr'ale't
343 968 479 1033 esttptstola,
494 975 548 1035 qm'a
562 972 588 1018 dt
599 976 663 1019 itione
673 974 702 1019 ad
716 978 839 1037 Pompejttm
848 977 912 1037 diffi-

51 1030 87 1084 n't,
113 1032 248 1079 udCase‘ut
257 1032 388 1093 dissuaserat.
408 1036 560 1089 CMnreelso,
576 1039 602 1084 L.
611 1038 700 1082 Lentem
717 1037 766 1097 Coffi
789 1039 870 1092 [ΑΝ.
878 1040 910 1087 C.

50 1092 69 1139 D
122 1096 165 1152 Ἄ]
180 1096 250 1143 Hanc
261 1093 371 1161 precessit
381 1110 449 1162 epm.
465 1094 559 1149 Lib.1v.
576 1096 678 1165 sequitur
687 1112 722 1167 ep.
733 1114 767 1153 19.
784 1098 837 1150 Lib.
843 1114 866 1151 r.

50 1246 175 1312 ΜΠ).
200 1253 279 1315 ΙΜΡ.
305 1255 348 1316 Μ.
375 1256 535 1393 ΟὲΕὲΙῨ)
547 1300 556 1328 ,
575 1256 712 1317 AEDILI
732 1256 913 1334 CURULI,'

48 1468 173 1575 MAG
182 1492 202 1531 n
211 1490 231 1529 0
251 1472 347 1532 dolore
361 1492 409 1533 me
424 1471 572 1535 affeciffent
584 1486 641 1535 tuae
654 1474 769 1545 litterae,
788 1474 837 1535 nisi
847 1476 909 1553 jam

123 1548 155 1607 &
169 1551 239 1609 ratio
251 1549 305 1624 ipsa
319 1548 458 1626 depulisset
472 1569 570 1613 omnes
583 1552 717 1611 molestias
732 1595 741 1620 ,
761 1553 791 1609 &
804 1551 908 1613 diutur-

47 1632 81 1677 na
92 1620 281 1699 desperatione
301 1645 393 1685 rerum
414 1625 579 1686 obduruisset
598 1629 704 1687 animus
724 1626 760 1685 ad
779 1626 908 1691 dolorem

47 1710 158 1759 novum.
199 1700 253 1761 Sed
266 1714 361 1762 tamen
394 1720 459 1762 uate
471 1703 616 1773 acciderit,
635 1716 666 1763 ut
686 1722 720 1761 ex
741 1702 809 1761 meis
829 1703 908 1781 supe·

48 1770 156 1859 fionius
176 1776 270 1837 litteris
289 1778 317 1837 id
344 1722 525 1855 suspicarere,
558 1779 637 1856 quod
662 1780 772 1847 scribis,
805 1780 907 1840 nescio.

50 1848 112 1923 quid
123 1853 201 1913 enim
222 1854 274 1913 suit
295 1855 418 1925 inillis,
444 1868 543 1931 praeter
562 1855 702 1932 querelam
722 1866 906 1929 temporum,

49 1938 109 1999 quae
132 1946 194 1989 non
220 1931 346 1989 animum
367 1950 465 1990 meum
492 1934 577 2008 magis
603 1930 746 1989 sollicitum
771 1930 907 2003 haberet,

50 1998 129 2075 quim
140 2005 245 2065 tuum?
264 2008 339 2064 Nam
352 2026 412 2066 non
425 2026 488 2066 eam
501 2008 623 2085 cognovi
636 2007 725 2063 aciem
739 2007 841 2080 ingenii
854 2009 895 2065 tui

51 2078 126 2165 ‘1¹¹.⁰‘¹.
133 2080 189 2157 ipse
201 2083 330 2154 uideam,
349 2094 377 2142 te
398 2083 428 2143 id
446 2095 477 2143 ut
496 2102 557 2145 non
576 2094 673 2169 putem
694 2080 796 2141 videre.
836 2051 908 2143 Illud

53 2168 147 2227 maor,
165 2156 265 2221 adduci
298 2156 393 2218 otuissc
406 2171 452 2232 te,
471 2162 520 2237 qui
539 2176 587 2219 me
606 2171 713 2237 penitus
733 2154 810 2217 nosse
823 2154 908 2217 debe·

51 2244 102 2301 tet.
120 2246 152 2291 ut
164 2252 213 2293 me
233 2178 419 2307 enidimares,
438 2248 485 2295 aut
503 2248 561 2299 tam
580 2233 787 2311 improtidum,
806 2235 855 2311 qui
872 2234 908 2294 ab

52 2308 161 2369 excitata
195 2311 307 2371 fortuna
339 2312 376 2370 ad
409 2313 566 2371 inclinatam
585 2314 616 2371 ὃ(
648 2308 735 2387 prope
768 2310 906 2371 'acentem

51 2382 250 2447 ‘descisceremt
270 2400 316 2446 aut
328 2400 387 2447 tarn
401 2388 617 2459 inconstantem,
635 2400 668 2446 ut
687 2386 773 2445 colle-
803 2405 832 2444 m
846 2393 923 2475 gra·t
940 2380 1033 2436 dtfistt·

52 2456 110 2519 tiam
130 2460 310 2523 florentissimi
329 2464 449 2523 hominis
470 2462 666 2534 effunderem,
692 2462 708 2521 d
728 2480 831 2540 meque
851 2460 962 2539 ipsetem
977 2452 1050 2499 ΜΗ·

52 2530 216 2610 deficerem,
235 2541 288 2609 δι,
314 2539 391 2616 quod
410 2542 515 2611 initio,
539 2540 700 2617 semperque
725 2540 757 2597 su
777 2540 808 2608 ',
835 2538 909 2598 civili
1091 2544 1095 2551 '

52 2606 112 2673 ullo
132 2612 296 2683 interessem.
336 2617 424 2693 Quod
451 2617 490 2675 est
508 2617 589 2693 igitur
609 2633 706 2675 meum
726 2616 758 2673 t'
781 2632 797 2672 e
818 2612 907 2675 consr-

52 2684 131 2749 lium?
149 2702 182 2751 ut
196 2691 362 2751 discederem
378 2690 487 2751 fortasse
499 2694 529 2753 in
542 2693 643 2770 aliquas
657 2686 834 2750 solitudines?
845 2707 907 2775 ‘no-

53 2760 76 2823 ti
93 2768 169 2827 enim
190 2786 250 2827 non
282 2767 370 2828 modo
392 2769 526 2829 stomachi
545 2770 626 2838 mei,
646 2768 723 2843 cujus
741 2778 773 2825 tu
791 2764 908 2825 similem

53 2844 186 2915 quondam
198 2844 331 2914 habebas,
350 2844 396 2903 sed
417 2846 500 2905 etiam
519 2844 691 2912 oculorum,
716 2844 745 2903 in
758 2842 908 2901 hominurn

52 2914 218 2980 insolentium
231 2922 431 2998 vindignitate,
450 2920 594 2981 fastidium.
613 2919 733 2981 Accedit
745 2920 828 2978 etiam
844 2936 931 2979 ino-v
941 2927 1058 3004 ‹tignitne

54 2990 179 3057 lestrhaec
198 3014 304 3074 pompa
322 2996 451 3061 liciorum
472 3016 600 3057 meorum
616 3040 625 3067 ‚
644 3013 806 3071 nomenque
820 2993 964 3070 impe-⁴²5¹·

52 3068 94 3141 n'r',
109 3090 195 3151 quoa
215 3075 308 3149 pellor.
347 3074 391 3131 Eo
405 3071 425 3130 sr
440 3089 525 3134 onere
540 3090 680 3142 carerem,
700 3072 826 3148 quamvis
866 3088 908 3129 ar-

53 3148 181 3209 tisltaliae
193 3092 300 3208 fatebris
314 3160 460 3208 contentus
473 3146 565 3209 essem.
606 3089 907 3235 ¹0Sed1incurritfiaec
1097 3212 1100 3219 ¹

52 3222 127 3289 udin
143 3226 237 3287 laurus
264 3243 324 3287 non
349 3224 437 3287 solum
457 3226 487 3285 in
508 3227 622 3297 oculos,
640 3224 686 3284 sed
702 3240 761 3301 Jam
782 3236 865 3283 etram
879 3229 1040 3283 111RXXV11.

856 3316 910 3361 vo·

72 3464 104 3507 ιο.
118 3454 163 3506 Sed
171 3456 267 3505 intuerit
282 3456 323 3505 hee
337 3454 408 3519 nostra
421 3458 497 3508 leuem
510 3452 634 3574 ηονὲίέἱκη
645 3455 670 3501 in
681 3451 749 3504 etrier
758 3449 816 3510 de]
845 3447 911 3509 Quid
