2272 4020
96 320 622 407 Linea-Q-nnnrns.
746 338 807 403 217

38 421 183 491 ‚ellenon
195 426 298 502 poma·
320 425 417 487 Postea
438 426 506 485 verb
522 470 531 497 ,
558 427 644 505 quarn
664 424 804 503 profectus

38 504 85 562 lim
99 502 261 573 recordere,
280 521 345 578 quae
359 521 414 579 ego
427 502 462 561 de
476 516 505 562 te
519 506 548 562 in
561 506 656 565 l'enatu
674 506 778 580 egerim
791 528 802 573 3

38 580 238 637 tconcionibus
252 580 366 639 dixerim
383 602 393 647 ;
414 597 480 655 quas
501 579 535 637 ad
554 592 582 637 te
602 580 702 641 litteras
722 580 803 639 mise-

38 659 110 730 Quae
124 653 187 713 clun
202 656 299 714 omnia
312 656 453 731 collegeris
474 675 481 712 :
500 667 532 713 tu
552 655 607 733 ipse
627 656 710 715 velim
728 656 803 732 judi«

38 731 118 790 ln‘sne
132 732 255 790 videatur
268 731 309 789 his
323 732 451 791 omnibus
471 732 549 789 rebus
568 744 631 791 tuus
651 730 801 802 adventus,

38 805 155 865 nonime
181 810 305 866 Romam
332 806 452 876 venisti,
484 807 603 867 umutue
631 805 827 895 respondille.1¹
846 804 890 851 ⁴²¹¹?

38 884 125 943 scribis
139 883 174 941 de
188 884 363 943 reconciliata
376 882 464 942 nostra
477 885 576 959 gratia:
596 902 656 943 non
669 884 804 961 intellige,
811 880 904 917 mmm·

38 960 206 1019 :onciliatam
220 955 273 1017 effe
286 958 376 1031 dicas,
394 958 481 1035 ⁶quae
493 976 636 1037 uunquam
658 960 805 1019 imminuta

38 1034 112 1112 Quod
130 1035 241 1105 scribis,
267 1054 327 1095 non
355 1030 503 1111 oportuille
524 1036 671 1095 Metellum
693 1038 805 1095 fratrem

40 1115 77 1171 ob
98 1110 203 1169 dietum
225 1110 241 1170 “a
263 1130 311 1171 me
331 1112 504 1188 oppugnari:
525 1110 668 1187 primum,
687 1114 743 1171 hoc
758 1129 806 1171 ve-

38 1188 165 1258 zistimes‚
191 1189 316 1247 animum
339 1188 408 1247 mihi
426 1188 507 1246 istum
526 1200 606 1247 tuum
626 1190 807 1247 vehementer

38 1267 70 1333 i;
99 1266 129 1322 &
149 1266 297 1323 fraternam
317 1264 427 1341 plenam
446 1264 622 1323 humanitatis
649 1282 681 1323 ac
700 1265 807 1341 pietatis

39 1354 137 1401 atem:
157 1340 280 1410 deinde,
299 1339 320 1400 sr
340 1358 395 1417 qua
415 1356 469 1415 ego
489 1340 518 1398 in
532 1358 560 1399 re
574 1341 647 1401 fratri
666 1354 735 1410 tuo,
754 1342 807 1399 rei·

38 1436 57 1474 a
70 1417 164 1486 causa,
183 1417 341 1488 restiterim,
361 1429 392 1475 ut
406 1416 637 1491 umbi-ignoscas.
656 1419 804 1477 tamenim
849 1418 873 1464 Ρ·
889 1418 915 1466 B·

38 1494 124 1553 micus
144 1494 323 1569 reipublicae,
349 1491 435 1571 quim
455 1492 504 1570 qui
523 1492 652 1551 maxime.
690 1494 718 1552 Si
737 1492 805 1551 verb

49 1557 161 1627 salulem
182 1581 278 1628 contra
297 1570 367 1628 illius
387 1571 524 1646 impetum
543 1570 572 1627 in
592 1586 640 1627 me
659 1569 805 1628 crudeliffi-
875 1638 889 1650 ..

38 1644 221 1713 defenderim
241 1646 300 1704 satis
312 1646 409 1705 habeas
422 1689 431 1717 ,
451 1644 519 1705 nihil
531 1664 578 1704 me
591 1638 887 1713 ⁰etiamtccu1n0.⁴‘¹¹

43 1722 128 1780 fratris
141 1723 237 1798 injuria
251 1722 392 1798 conqueri.
431 1724 527 1797 Quem
542 1740 595 1798 ego
611 1720 675 1781 ciun
690 1710 950 1799 compe-“mmm

52 1815 168 1856 omnem
188 1798 226 1855 sui
246 1798 394 1857 tribunatus
415 1812 546 1857 conatum
566 1799 595 1857 in
609 1816 699 1857 meam
714 1802 805 1874 perui·

40 1891 134 1950 patare
168 1887 250 1951 atque
286 1874 436 1943 meditari,
470 1871 537 1950 ⁸egi
575 1892 640 1933 curn
667 1875 804 1947 Claudia,

387 1962 391 1969 '
717 1970 805 2012 uxore

38 2130 42 2153 ι
58 2109 168 2175 scriptum
184 2109 234 2167 est,
249 2108 321 2222 ‘quod
336 2126 366 2159 ex
382 2111 462 2160 multis
479 2111 631 2223 antipuonun
649 2112 803 2164 monimentis

38 2189 60 2223 u
70 2171 126 2239 sape
137 2171 222 2238 priscos
232 2189 248 2221 u
257 2170 352 2237 urpaffe
370 2174 396 2222 bt
407 2175 486 2239 paullo
498 2191 530 2239 po
555 2176 643 2231 ,Nulla
652 2176 679 2234 ’st
688 2193 702 2220 a
712 2194 745 2223 me
755 2195 803 2223 um·

38 2240 132 2289 inentia.
154 2237 241 2287 vietor.
276 2236 402 2285 Medicaus
417 2237 453 2302 (ut
469 2236 567 2287 adnotat
582 2236 707 2308 Egnatius)
727 2242 802 2287 immi-

39 2302 64 2349 &
74 2299 115 2349 hic
126 2302 152 2348 bc
162 2301 241 2347 multis
250 2297 334 2365 pallim
350 2300 410 2349 locis
424 2298 493 2349 fimili
508 2300 619 2365 exemplo
630 2299 716 2351 collilrs
731 2318 801 2352 voca·

38 2376 97 2410 ›rout
107 2366 132 2410 in
143 2377 227 2412 metro.
245 2362 309 2427 quod
321 2360 414 2412 admisit
420 2362 562 2421 Lambinus,
577 2364 668 2413 utinam
678 2380 728 2412 non
733 2368 803 2415 novi-

38 2424 97 2475 rdio!
115 2425 153 2475 sed
163 2440 187 2474 ur
199 2425 315 2475 edendum
326 2430 470 2483 curaturam,
486 2424 519 2475 est
531 2428 590 2477 ino.
601 2427 658 2477 Pali.
671 2424 726 2493 (nili
736 2427 803 2492 quod

70 2491 181 2537 timorem
197 2487 311 2553 syllabam
326 2503 436 2547 trunces,
455 2493 540 2537 minuta
550 2488 594 2553 est)
611 2492 678 2540 Grut.
694 2491 803 2547 stewech.

38 2589 43 2598 ,
59 2551 170 2600 itionibus
182 2551 329 2608 melioribus,
345 2567 372 2600 ac
383 2554 491 2601 omnium
500 2553 603 2616 principe
612 2556 710 2603 Veneta.
726 2552 805 2619 licque

38 2629 84 2663 :ero
94 2620 137 2691 Ep.
147 2631 166 2670 5.
185 2614 214 2662 ad
231 2618 260 2664 C.
273 2619 424 2665 Antonium:
440 2616 527 2679 aliquid
540 2616 566 2661 de
581 2614 652 2675 nostra
664 2618 805 2678 conjunllionu

38 2676 82 2787 puni
92 2680 128 2740 affe
139 2677 268 2737 ostenderem.
285 2676 358 2743 vulgo
368 2678 447 2728 male:
462 2694 507 2742 qua
517 2693 632 2742 numquam
643 2679 757 2727 immutata
768 2680 804 2741 asi.

38 2806 76 2850 libi
95 2804 208 2865 agnosca]
240 2803 289 2852 Alii
299 2837 306 2861 ,
318 2816 366 2867 peto
385 2816 410 2851 ut
425 2807 483 2851 mini
496 2802 608 2867 ignoscas,
625 2817 675 2867 quae
696 2800 805 2867 scriptura

38 2865 93 2914 test.
111 2880 182 2929 arque
193 2872 283 2914 Veneta
293 2868 398 2915 maxime
409 2866 506 2931 placet:
526 2871 559 2911 vr
574 2869 629 2913 mihi
644 2868 753 2931 ignoscas,
768 2883 805 2916 re-

38 2929 148 2977 ntellfflu
159 2928 221 2977 verbi
232 2930 306 2977 velim
325 2932 445 2979 Camerar.

38 2995 56 3053 gi
65 3008 112 3038 cana
123 2992 212 3038 claudia
222 3008 286 3038 uxore
296 2998 354 3047 rua]
368 2996 424 3039 Hac
433 2990 465 3040 est
476 2991 549 3039 clodia
557 2991 600 3040 illa
609 2996 633 3041 P.
640 2990 721 3041 Clodii
731 2988 804 3049 soror,

41 3055 66 3100 iu
91 3056 198 3101 oratione
224 3068 267 3117 pro
290 3056 374 3104 Coelio
401 3055 486 3103 Cicero
516 3068 585 3103 vexat
611 3056 692 3107 multis
721 3070 806 3104 contu-

59 3117 180 3181 lmpudica
188 3119 253 3164 enim
263 3115 320 3172 fuit,
336 3116 503 3167 &exiffimam
513 3114 545 3165 ell
555 3132 610 3167 curn
619 3124 643 3168 Ρ,
654 3116 725 3167 fratre
735 3116 806 3183 stupri

38 3177 134 3227 udinem
145 3177 252 3229 habuiffe.
270 3176 428 3243 Appellabant
437 3178 512 3244 ipsam
523 3182 595 3246 vulgo
606 3182 805 3245 Qadranrariam

38 3255 73 3289 un
93 3255 223 3291 amatorem
240 3240 306 3291 suum
321 3240 436 3315 grandem
454 3244 577 3307 peurniam
592 3243 636 3291 illa
648 3240 806 3307 poposciiset,

38 3302 807 3432 bullitumsllhtlhhhhllllfflrhl}

38 3442 155 3495 ugenteos
166 3402 278 3479 numm'os
288 3431 314 3479 in
324 3402 417 3479 loculol
432 3432 455 3479 ei
464 3429 579 3481 immifit:
595 3445 643 3495 qua
657 3445 681 3479 re
695 3402 805 3497 cognita,

38 3492 61 3540 la
70 3495 223 3559 pervulgata,
237 3495 280 3543 illa
289 3492 370 3557 postea
382 3492 416 3542 ita
430 3493 546 3559 appellata
556 3490 646 3557 semper
655 3490 695 3543 est.
716 3496 804 3559 'tangit

38 3570 68 3602 nn
79 3554 172 3606 obscure
187 3557 272 3606 Cicero
281 3572 325 3621 pro
335 3555 438 3613 coeho,
452 3570 507 3605 cum
521 3556 616 3631 inquit:
631 3556 740 3617 nustfuura
754 3574 807 3604 mu-

38 3636 64 3667 ns
83 3621 239 3682 quadrantaria
253 3622 296 3673 illu
311 3620 467 3733 {summatim
476 3620 601 3686 sumiturii
616 3618 680 3683 fulla
695 3618 807 3729 nudaris·

436 3700 448 3743 5
720 3700 734 3731 n
768 3698 779 3727 u
802 3714 809 3728 .
