2272 4020
195 154 254 219 272
302 132 415 198 Error.
437 148 488 197 nn
510 125 717 196 Μιτιιιιιιι
738 146 782 195 er
803 128 959 199 ceteros

192 246 308 324 quidem
328 258 414 323 putes.
452 248 528 305 Num
556 249 586 305 &
605 245 713 305 Volusii
738 245 869 305 liberandi
892 265 990 307 meum
1010 246 1057 309 fuir
1082 265 1086 280 ·

189 322 355 382 eonsilium:
376 327 424 394 bt,
443 336 474 382 ut
494 323 579 382 multa
599 335 657 381 tam
677 322 765 397 gravis
785 323 938 383 Valerianis
964 325 1057 401 praedi·

193 398 266 469 bus,
285 398 389 477 ipsique
403 398 441 459 T.
455 401 548 458 Mario
568 398 772 473 depelleretur,
798 397 815 456 l
836 418 884 458 me
903 402 973 460 inita
993 402 1056 461 ratio

192 475 253 533 est:
287 494 371 552 quarn
399 476 513 553 quidem
541 493 639 534 omnes
663 493 723 533 non
749 474 837 533 solum
857 478 977 551 probant
991 522 1001 548 ‚
1017 476 1058 537 sed

1069 39 1095 178 ι

183 553 279 610 'etiam
292 552 426 611 laudant:
449 554 495 621 &,
516 551 648 610 fiverum
661 551 726 609 scire
741 551 805 620 vis,
824 552 881 609 hoc
900 553 952 612 uni
971 554 1058 613 scribae
1082 585 1085 593 ·

191 642 259 687 meo
273 630 394 687 intellexi
407 647 466 687 non
480 627 598 687 nimium
612 628 728 704 placere.
766 626 819 686 Sed
833 646 887 703 ego
900 632 999 705 putari
1012 628 1059 689 ello

191 706 245 762 viri
264 706 353 773 boni,
375 704 475 762 oscum
503 705 620 779 populus
652 704 731 762 suum
753 703 894 773 servaret,
921 706 1058 766 consulere

191 781 309 839 fortunis
330 792 374 839 tot
386 780 432 839 vel
445 781 600 839 arnicorum
627 782 671 841 vel
693 781 805 840 civium.
826 780 942 842 ³⁶Nam
955 784 992 843 de
1006 784 1057 870 Lu·

1002 876 1057 937 eeJo

190 1020 234 1066 tes,
250 1008 398 1122 anti1quascri
425 1027 463 1061 uro
474 1008 499 1062 in
514 1008 604 1062 duobus
617 1010 691 1061 verbis
707 1010 884 1069 contaminata,
901 1012 928 1063 bt
940 1012 1056 1079 frigidiore

191 1071 246 1122 sane
257 1071 296 1121 sen
306 1090 338 1131 u,
360 1077 384 1122 ni
418 1078 538 1140 intelligas
553 1073 652 1125 voluisse
668 1078 811 1124 Ciceronem
826 1074 953 1125 ostendere
969 1094 1020 1127 rem
1031 1078 1054 1127 il-

188 1134 238 1183 lam
250 1136 295 1185 ase
306 1152 356 1184 non
367 1151 459 1186 tantum
474 1140 618 1204 cogitatum,
628 1137 667 1187 sed
676 1138 819 1202 perspetlum
835 1140 861 1187 δε
871 1138 1054 1191 animadversum

189 1195 263 1248 fuisse.
296 1206 373 1262 Quare
384 1205 460 1267 magle
472 1203 583 1263 iudicium
593 1200 658 1249 unffi
673 1202 838 1265 reprehendit,
859 1202 904 1265 qui
919 1200 951 1251 ab
966 1200 1017 1269 ipso
1029 1202 1053 1251 il·

188 1259 239 1308 lam
250 1277 279 1310 ne
290 1264 418 1326 cogitatam
430 1265 525 1337 quidem
537 1261 582 1313 elle
593 1262 765 1313 existimaverit.
799 1260 911 1312 Ostendit
927 1279 1010 1317 autem
1021 1265 1053 1313 iu·

190 1320 389 1374 frasuoeonlilio
416 1334 463 1377 elta
479 1327 525 1377 else
541 1330 640 1382 omnia,
658 1328 683 1375 ot
698 1340 712 1374 a
728 1326 851 1375 seinitom
873 1326 997 1378 rationem
1015 1326 1054 1377 oso

188 1388 316 1449 quomodo
327 1404 355 1437 ea
371 1342 433 1438 rede
447 1391 498 1439 fieri
513 1387 596 1455 posset.
653 1404 708 1437 uum
722 1391 795 1437 etiam
809 1385 957 1439 sententiam
971 1404 1053 1457 rooepre

189 1448 262 1498 leodio
273 1454 392 1506 eontinet,
408 1453 516 1516 quamvis
527 1467 541 1500 a
551 1397 751 1516 ueterercriptura
764 1449 876 1509 recedat,
894 1455 922 1503 &
939 1454 979 1517 (ut
992 1452 1053 1519 prro)

190 1510 219 1559 ab
231 1512 311 1587 aliquo
321 1514 424 1578 suppleta
434 1514 477 1569 lit,
497 1517 581 1579 quiex
599 1514 639 1564 suo
654 1514 749 1563 adoirtio
764 1515 844 1563 locum
860 1513 927 1563 bunc
944 1514 1053 1567 restituet

189 1574 297 1625 voluerit.
315 1581 426 1626 Victorius.
458 1577 536 1627 Libuit
547 1578 657 1641 amplecti
673 1576 866 1625 emendationem
875 1578 982 1629 Vistorii
994 1590 1053 1629 tanto

189 1648 261 1709 opere
270 1638 390 1688 laudatam
400 1655 427 1688 ac
437 1640 562 1705 probatam
571 1640 701 1695 Lambino,
716 1638 746 1688 eb
757 1654 795 1687 mu
814 1641 845 1695 's‚
862 1638 999 1705 quodcum
1008 1646 1053 1693 Me·

191 1697 266 1748 dreaeo
281 1702 362 1751 codice
377 1717 507 1767 congruant
523 1704 579 1753 Poll.
596 1718 649 1752 tres.
673 1706 762 1750 Veneta
807 1704 850 1751 'tio
864 1704 997 1779 princepum
1013 1702 1052 1753 uin

190 1778 235 1809 rem
245 1765 260 1809 ἁ
270 1782 304 1812 me
314 1784 354 1813 oron
363 1767 480 1829 infipicarrr
489 1770 625 1829 excogitatam
636 1767 721 1829 quidem
733 1778 799 1827 putes.
816 1768 904 1814 Veneti
915 1766 1053 1817 deindeod·

192 1824 290 1885 derunt,
306 1826 434 1875 oimremd
448 1847 482 1877 me
501 1848 526 1877 ne
540 1830 580 1888 inst
593 1834 657 1875 lenter
686 1828 758 1875 uidem
774 1830 887 1891 cogitaram
904 1844 977 1893 putes.
1003 1829 1053 1881 Vol·

189 1902 246 1953 gata
259 1903 342 1940 tamen
355 1891 427 1942 lectio
436 1894 509 1941 etiam
518 1896 553 1940 La
594 1892 635 1940 ino
649 1845 778 1940 toierrbilis
791 1888 938 1952 videbatur,
954 1892 1054 1946 com

190 1968 207 1998 a
217 1970 251 2000 me
261 1972 301 2001 non
311 1956 428 2017 infipienrer
436 1958 505 2003 ollam
516 1989 523 2011 ‚
539 1973 564 2001 ne
578 1960 688 2017 cogitatam
703 1955 789 2016 quidem
795 1965 864 2016 putes.
881 1954 1007 2007 Gebhard.

224 2033 259 2073 35.
279 2026 328 2064 tom
335 2020 423 2080 populus
432 2020 497 2078 suum
506 2020 627 2079 fervenu]
648 2017 697 2065 Alii
710 2014 864 2064 emendarunt
875 2022 974 2081 populis.
1006 2022 1054 2069 noo

189 2089 216 2126 ut
226 2096 251 2127 ιιι
269 2081 371 2144 antiquis
386 2079 449 2128 libris
465 2082 616 2136 invenimus,
638 2081 663 2127 δι
678 2092 703 2125 ut
721 2080 780 2127 ratio
795 2080 803 2126 i
820 2076 843 2126 sa
859 2077 950 2139 docet,
962 2086 1052 2147 popolus.
1091 2130 1095 2137 ,

188 2139 233 2189 hac
250 2141 383 2197 sententia,
406 2146 486 2191 Putaui
501 2140 546 2189 ess'e
560 2142 618 2190 boni
634 2142 678 2189 viri
694 2156 748 2189 cum
763 2158 794 2207 po
814 2156 872 2198 em,
887 2144 964 2193 nullo
978 2145 1053 2211 populi

186 2202 294 2261 damno,
320 2205 472 2254 commodare
490 2204 602 2262 civibus,
629 2207 655 2253 ἃ
681 2218 763 2253 eorum
787 2202 897 2255 sommas
923 2206 1052 2259 sustentur.

188 2268 301 2318 l't'tiorius.

219 2338 255 2383 3⁶.
272 2337 330 2377 Nam
339 2333 365 2378 de
378 2333 500 2393 Luccqjoest
514 2336 547 2379 ira
560 2334 656 2389 autemst
687 2336 764 2380 Locus
779 2345 829 2379 non
845 2330 955 2383 nimium
968 2348 1053 2391 temo,

187 2392 213 2441 δι
228 2390 283 2441 saue
297 2406 349 2442 tota
361 2392 459 2459 epistola
474 2394 607 2452 obscurior,
631 2398 656 2443 δι
671 2392 766 2443 fortaffe
784 2391 927 2444 mendesio:
945 2413 954 2446 e
974 2410 1052 2464 ponor

185 2456 251 2504 enim
271 2455 379 2505 constans
401 2457 434 2506 est
455 2455 563 2522 scriptura
577 2462 649 2505 etiarn
670 2458 696 2505 in
714 2456 850 2505 melioribus
869 2472 946 2507 exem
963 2459 1051 2511 laribm.

184 2521 252 2574 Nos,
268 2532 294 2567 ut
304 2520 329 2568 in
340 2521 438 2583 antiquo
448 2520 492 2569 illo
506 2520 640 2586 probatiore
656 2518 737 2567 codice
752 2521 899 2576 invenimus,
916 2519 1050 2636 stupidum

113 2602 118 2607 -
183 2585 270 2642 Lucccji
279 2596 358 2631 autem
369 2598 457 2631 nomen
468 2586 493 2632 in
507 2584 552 2631 illo
566 2581 656 2647 semper
670 2598 710 2646 pet
727 2580 774 2629 duo
789 2599 800 2626 c
814 2578 930 2645 scriptum
947 2601 995 2635 et:
1011 2586 1051 2635 lroc

183 2643 240 2692 loco
251 2646 292 2694 alii
309 2651 375 2693 Lecto
390 2661 414 2693 re
431 2643 551 2702 ostiorum,
568 2644 646 2694 nescio
661 2660 734 2708 quam
745 2644 814 2692 teile.
832 2648 952 2698 Victorius.
986 2648 1051 2697 rani·

185 2709 252 2764 cula,
267 2726 317 2754 nam
328 2743 336 2765 ,
351 2706 408 2772 supe
415 2662 532 2758 letiorem
542 2707 669 2757 corrrrnode
678 2707 778 2756 traducit
789 2704 820 2753 ad
829 2704 952 2759 diversam
964 2710 1049 2778 senten·

184 2771 251 2819 tiam.
269 2784 295 2819 ut
306 2771 362 2827 hic,
383 2775 407 2821 δι
418 2771 497 2828 infra,
514 2780 570 2819 Nam
581 2773 606 2817 de
627 2774 679 2819 H-o'
694 2773 799 2831 nongentis
814 2772 924 2823 millibus.
944 2776 971 2823 δι
982 2788 1018 2839 ep.
1028 2788 1048 2829 9.

183 2830 224 2882 lib.
235 2850 255 2881 1.
271 2840 329 2881 Nam
340 2838 365 2880 dc
376 2839 450 2898 ,Appio
471 2838 526 2897 quod
535 2836 611 2894 scribis
623 2867 630 2890 ‚
641 2835 696 2892 ficut
709 2836 734 2881 dc
746 2832 838 2892 Caefitre,
855 2848 877 2880 re
888 2853 931 2883 nott
947 2842 1048 2901 repreba-

183 2897 249 2942 dere:
267 2899 348 2957 gaudeo
363 2900 405 2943 tibi
417 2898 526 2956 corrfilium
537 2898 624 2959 probari
637 2912 715 2946 tntum.
736 2897 762 2943 &
777 2908 814 2957 ep.
827 2911 848 2944 1.
871 2896 914 2948 lib.
927 2906 1047 2959 mdia

182 2960 238 3022 quid
247 2974 280 3021 ego
295 2974 316 3006 te
330 2961 418 3005 athletas
429 2974 502 3021 putem
517 2961 653 3018 defiderare?
675 2961 700 3008 &
716 2957 746 3007 ad
756 2959 828 3008 Attio.
845 2973 884 3023 ep.
899 2976 937 3014 10.
954 2962 996 3012 lib.
1008 2974 1044 3009 111.

183 3028 241 3070 Nom
251 3025 308 3086 quod
320 3040 354 3068 me
368 3036 412 3067 ram
423 3024 486 3085 μμ,
502 3025 528 3075 d?
538 3036 584 3069 tam
592 3026 721 3069 veliementer
730 3022 832 3077 obiurrus.
849 3024 877 3071 &
887 3024 979 3073 eodem
993 3022 1046 3073 libro

180 3100 217 3149 ep.
227 3102 262 3142 15.
275 3092 332 3132 Nam
343 3087 398 3148 quod
410 3097 486 3147 purgas
499 3104 548 3141 eos,
570 3087 614 3137 irc.
636 3090 733 3156 ngeom·
741 3066 809 3132 fiodo
824 3082 912 3133 fanum
932 3086 1044 3140 arbitror.

180 3146 983 3275 lllll'tlll,lllllfl‘lafllrlllllllttrlllol*
1033 3232 1042 3245 -

181 3284 206 3319 tn
217 3272 249 3321 est
264 3275 357 3322 auclore
377 3276 499 3338 Pompeio·
530 3274 595 3323 Infra
609 3288 645 3323 res
662 3270 746 3319 eadem
756 3272 888 3335 attingitur.
924 3280 952 3325 P.
964 3279 1040 3323 rtem

182 3336 284 3398 scaliger
293 3336 323 3384 :td
333 3338 455 3385 Catullum
465 3339 538 3384 lucello
548 3370 555 3393 ‚
572 3336 638 3400 quod
648 3333 732 3385 nullibi
740 3335 845 3399 reperio,
861 3338 889 3385 δι
900 3351 962 3401 puro
971 3346 1040 3387 vem

184 3412 234 3444 non
245 3396 297 3447 elle.
315 3400 355 3448 alii
365 3405 475 3456 Lucretio,
492 3401 532 3450 alii
546 3406 618 3461 Logeo.
636 3396 780 3448 Gebhorduo.
813 3398 920 3463 Scaliger
929 3400 961 3450 ad
971 3396 1040 3449 carol·

183 3460 234 3511 lum
244 3462 372 3521 emendat,
387 3480 437 3512 iram
445 3465 471 3512 de
482 3465 556 3515 lucello
566 3463 595 3526 eli
605 3464 724 3515 troarno.
731 3460 860 3528 Mbpriur.
872 3461 1041 3577 611111ιὲ
