2272 4020
197 191 739 276 Lrnanuaneos.
865 208 929 282 207

48 307 148 388 queri,
166 304 245 383 quod
259 307 297 366 ita
310 307 436 366 viverem
454 349 463 376 ,
482 303 569 382 quim
588 306 732 381 gaudere,
752 308 831 386 quod
849 309 928 369 vive-

47 402 122 447 rem.
158 387 340 461 Quamquam
354 384 431 443 enim
444 384 556 441 ”nulla
574 382 710 459 meipsum
730 387 857 459 privatim
878 404 929 462 pe-

50 461 241 540 pulitinfignis
254 462 374 536 injuria:
395 478 448 520 nec
464 460 533 518 milu
555 459 709 536 quidquam
731 464 777 519 tali
796 474 927 537 tempore

50 543 80 599 in
94 550 222 597 mentem
236 539 313 596 venit
333 548 454 614 optare,
474 535 552 613 quod
572 554 631 595 non
651 536 724 593 ultro
746 539 814 596 milri
835 540 927 599 Caesar

51 615 195 675 detulerit:
216 612 245 668 98
252 628 348 673 tamen
361 612 540 672 nihilominus
554 612 602 671 eis'
613 612 747 671 conficior
762 615 853 684 curis,
873 614 953 675 huth
967 625 1012 670 aar
1021 635 1046 673 er

51 691 159 767 ipsum,
178 691 255 767 quod
271 708 399 749 maneam
413 692 443 748 in
458 691 539 758 vita,
558 706 673 763 peccare
694 706 741 746 me
763 690 926 752 existimem.
937 686 1036 751 hocipr

52 784 136 827 careo
151 770 227 826 enirn
240 767 306 826 cum
321 766 530 825 familiarissimis
550 764 667 835 multis,
693 783 764 842 quos
785 779 832 824 aut
853 786 928 828 more
968 832 974 845 ,

53 846 153 920 eripuit
167 845 246 902 nobis
262 888 271 913 ,
292 855 340 901 aut
360 841 479 901 distraxit
493 843 580 917 suga:
600 856 661 900 turn
678 843 807 902 omnibus
821 846 928 915 amicis,

43 972 46 979 .
73 938 175 979 uorum
189 920 407 979 benivolentiam
427 918 506 978 nobis
526 920 684 985 conciliarat
704 936 752 994 per
775 938 822 978 me
837 940 927 997 quon·

53 938 136 1066 dam,
156 1008 185 1054 te
199 998 294 1066 soci0‚
315 993 425 1054 defensa
438 994 601 1069 respublica,
621 994 769 1071 versorque
784 999 812 1055 in
828 1016 928 1057 eorum

53 1073 217 1149 naufragiis,
238 1075 422 1132 &bonorum
444 1072 639 1145 direptionibus
653 1095 663 1140 3
684 1083 773 1130 99nec
787 1074 872 1132 audio
885 1075 929 1134 so·

53 1149 139 1219 lum,
163 1150 242 1225 quod
265 1149 352 1225 ipsum
374 1147 440 1206 esset
462 1147 616 1218 miserum,
642 1148 689 1223 sed
711 1152 794 1208 etiarn
810 1147 946 1222 ivideo,i
959 1161 1052 1210 earea-

54 1245 115 1303 quo
129 1226 197 1284 nihil
212 1227 249 1284 est
262 1226 401 1294 acerbius,
421 1242 521 1282 eorum
536 1224 658 1283 fortunas
680 1225 811 1301 dissipari,
831 1229 928 1303 quibus
938 1225 991 1296 aum
1001 1222 1026 1271 id

54 1321 106 1363 nos
124 1304 195 1360 olim
216 1303 383 1379 adjutoribus
398 1301 464 1359 illud
478 1300 639 1359 incendium
661 1301 858 1362 exstinximus:
881 1285 1040 1375 &fpsuim

54 1380 85 1438 in
98 1396 156 1456 qua
169 1379 236 1437 urbe
250 1379 338 1437 modo
352 1378 452 1454 gratia,
473 1379 651 1447 auetoritate,
670 1376 755 1452 gloria
769 1378 930 1452 floruimus,
955 1406 980 1453 p,
990 1389 1063 1455 Lvfi,

54 1456 84 1514 in
98 1474 133 1514 ea
154 1472 231 1513 nunc
252 1458 284 1514 iis
303 1456 418 1531 quidem
439 1455 569 1512 omnibu
590 1471 722 1512 caremua
762 1456 930 1518 Obtinemus

54 1530 135 1607 ipfius
158 1532 270 1590 Caesaris
289 1530 425 1589 summam
448 1547 511 1606 erga
531 1548 582 1588 nos
596 1531 805 1591 humanitatem.
831 1533 877 1593 sed
898 1552 931 1594 ea

54 1608 114 1683 plus
127 1627 189 1667 non
201 1608 307 1684 potest,
327 1608 483 1684 quamvis,
505 1608 535 1664 ὃ(
549 1609 666 1668 mutatio
681 1611 809 1667 omnium
826 1628 929 1683 rerum,

55 1696 139 1761 atque
167 1697 337 1760 temporum.
376 1685 473 1760 ltaque
502 1683 583 1741 orbus
610 1685 641 1741 iis
670 1685 748 1741 rebus
776 1689 928 1759 omnibus,

55 1760 155 1894 quibus
169 1763 201 1819 &
213 1773 308 1820 natura
322 1778 388 1831 me,
408 1763 438 1820 δε
453 1760 597 1829 voluntas,
615 1762 645 1818 ὃ(
659 1759 829 1839 consuetudo
842 1762 929 1823 affue-

69 1850 178 1906 ecerat;
198 1836 285 1896 ¹‘cum
308 1838 422 1905 ceteriS,
441 1835 608 1911 nequidem
635 1836 733 1893 videor
755 1880 764 1906 ‚
784 1849 846 1894 tum
859 1842 956 1899 mihin
969 1846 1080 1905 tumme,

56 1910 125 1988 ¹ipse
140 1912 280 1989 displiceo.
322 1914 429 1972 ¹Natus
450 1912 526 1970 enirn
547 1911 581 1971 ad
604 1912 744 1986 agendum
757 1912 863 1988 semper
882 1918 949 1975 ali-1
963 1921 1006 1988 ἱρή
1015 1927 1069 1977 ersi.

863 1993 932 2068 quid

56 2123 161 2178 stnmius.
178 2144 214 2194 ep.
224 2144 259 2179 12.
276 2128 360 2179 libvr.
376 2127 469 2179 Eadem
479 2126 662 2186 tramlarioest‚
678 2126 801 2189 sustentare
811 2129 886 2190 casus,
904 2132 931 2182 ει

57 2190 182 2253 Snssmtare
192 2195 304 2241 cadentem.
340 2196 364 2243 P.
376 2196 471 2242 Manut.

88 2270 128 2313 97.
145 2256 216 2302 Nulla
231 2273 265 2302 me
277 2259 387 2319 privatim
402 2257 465 2314 dea}
495 2256 545 2305 alii
558 2257 668 2319 perculit,
697 2253 763 2319 quod
779 2270 930 2320 nequaquam

53 2314 172 2383 displicet.
190 2326 269 2367 carnee.
302 2321 414 2366 Nellame
425 2319 507 2383 pepulit
521 2321 613 2381 injuria.
632 2335 667 2367 11.
686 2317 716 2367 de
727 2321 779 2368 Fin.
793 2335 828 2368 10.
849 2314 929 2368 necut-

55 2383 104 2429 lnm
117 2383 178 2427 habet
193 2383 278 2436 illum,
298 2399 339 2447 qua
355 2383 423 2446 pellat
436 2386 554 2438 animm,
570 2381 641 2442 status
656 2384 691 2428 he‘c
705 2400 746 2428 eron
761 2383 854 2434 delendi.
876 2386 929 2434 Liv.

38 2446 161 2503 'xxxma
179 2444 497 2503 Eofoedioraheevr'debmeer
511 2448 548 2492 Sci
561 2448 606 2493 iani
617 2478 625 2501 ,
650 2445 706 2509 qued
722 2445 791 2507 ipsum
806 2450 830 2493 in
850 2448 931 2510 Htspa-

57 2508 198 2629 ιᾶἰιῖωὲἱίίκε
214 2509 289 2567 firma
305 2509 419 2572 pepulerat.
453 2507 500 2557 hoc
565 2542 574 2565 ‚
600 2520 790 2565 commoverat,
811 2504 929 2558 affecerat.

78 2606 85 2618 .
114 2606 121 2619 .
151 2587 223 2618 romv.

90 2642 127 2687 98.
145 2637 224 2680 Tamen
235 2635 373 2681 nihilominus
385 2638 414 2682 eis
429 2634 527 2696 conficior
536 2637 617 2692 curin]
632 2631 714 2682 Distio
732 2633 774 2681 illa
789 2636 931 2680 nihilominus

56 2695 83 2744 in
93 2697 198 2759 antiquis
208 2694 324 2744 diminuta
333 2696 367 2745 est
378 2713 385 2744 ς
401 2712 445 2760 pro
454 2698 596 2743 nihilominus
605 2699 636 2743 ee'r
650 2695 683 2743 ibi
694 2697 751 2741 nibil
765 2698 796 2741 eis
809 2692 926 2760 scriptum.

56 2758 128 2807 Unde
139 2758 236 2808 ridicule
245 2760 357 2807 nonmdli
368 2761 480 2806 Aeln'llee‘s
491 2759 540 2823 legi
549 2757 633 2806 debere
643 2771 760 2822 putarunt.
793 2761 847 2806 Nos
862 2774 929 2807 com-

56 2836 157 2871 munem
168 2825 192 2870 &
204 2836 322 2886 receptam
332 2822 461 2871 lestionem
475 2818 546 2869 secuti
561 2819 656 2876 smnus,
673 2822 729 2884 quia
745 2820 869 2871 meliorem
884 2822 893 2870 i
909 2820 928 2871 sr

55 2898 87 2933 ex
98 2886 147 2933 illis
157 2884 231 2933 verbis
243 2886 377 2958 excogitare
390 2900 442 2932 non
456 2887 594 2948 potuimus:
611 2898 661 2931 rern
679 2896 761 2931 tamen
777 2897 861 2933 notare
876 2900 891 2949 p
916 2912 928 2921 -
999 2926 1001 2931 .

55 2948 119 3007 cuit,
134 2946 188 2995 ursi
198 2951 251 3012 quis
265 2950 337 3004 velit,
352 2945 444 2997 laborer
451 2949 480 2995 in
490 2947 588 2996 veritate
598 2945 749 3011 requirenda,
765 2960 809 2994 nec
820 2950 926 3003 mnetun

56 3022 133 3075 quare
143 3009 181 3059 liic
192 3010 257 3059 loon
269 3009 363 3060 diversis
372 3008 452 3059 modis
462 3010 560 3075 legurm.
578 3012 690 3059 Venerius.

90 3088 129 3126 99.
145 3077 263 3122 Neeaude'o
271 3077 343 3136 selum
355 3075 411 3138 qued
428 3072 497 3135 ipsum
510 3074 680 3135 efferuescente,
690 3073 729 3134 sed
739 3076 806 3119 etiae»
821 3072 846 3119 id
860 3072 930 3135 ipsura

55 3137 144 3194 videa]
159 3138 186 3183 ld
197 3139 265 3200 ipsum
276 3135 376 3200 filspicor
387 3134 512 3185 abtmdate.
544 3136 618 3195 Uesta.

93 3214 114 3247 r.
130 3206 200 3247 Num
210 3203 239 3247 ad
253 3203 379 3262 aagendam]
411 3196 503 3249 Naturd
522 3198 615 3247 irrelivls
631 3200 657 3247 δι
677 3197 707 3247 ad
729 3197 776 3246 hoc
792 3192 928 3261 propensare

56 3266 127 3312 Nam
137 3261 168 3311 ad
254 3263 338 3328 aliquis
349 3263 444 3313 valdee
486 3276 497 3307 s
509 3259 558 3318 est,
573 3264 598 3312 δι
609 3258 674 3324 quafi
684 3276 725 3326 per
735 3274 846 3309 naturam
860 3259 928 3309 incli-

56 3340 143 3383 natus,
199 3325 224 3374 id
235 3326 354 3391 eleganter
364 3341 427 3375 nates
456 3327 528 3374 'citrm
561 3326 596 3373 Sic
607 3325 756 3389 Philippm.
780 3330 800 3370 0
809 3327 878 3369 civem
888 3340 929 3369 aa·

54 3402 106 3436 tum
116 3394 167 3452 reip.
184 3408 296 3437 monerem
306 3392 343 3451 sni
360 3394 452 3438 nominis
466 3391 636 3450 imstatoremque
650 3391 765 3448 majorum.
790 3391 834 3435 Pro
849 3386 929 3452 Ligar.

56 3451 171 3509 Africam
184 3458 281 3502 emnem
296 3457 459 3515 provinciam
471 3466 542 3500 arcem
556 3463 630 3497 mam
643 3450 674 3497 ed
687 3451 768 3497 bellem
788 3464 859 3497 centra
877 3454 931 3496 basae

55 3517 131 3569 urbem
142 3518 265 3580 gerendam.
281 3515 334 3570 leil.
350 3514 423 3570 liba.
440 3516 488 3583 Effe
498 3526 600 3579 preterea
611 3515 836 3566 viroememilieie
845 3510 935 3635 ,11ξὲιὲιῖἱὶ
956 3550 959 3555 .
