2272 4020
213 152 274 219 180
293 150 403 216 Errsr.
419 161 469 210 nn
490 141 569 209 San·
584 144 794 222 Summum,
815 161 858 209 ar
882 157 1040 212 cernuos

213 257 278 371 »11:²33ss
292 257 394 320 scriptam
405 251 440 315 est.
457 256 526 302 Hanc
536 250 646 318 praecellit
657 266 739 316 eprr.
754 248 807 301 Lib.
816 265 858 301 rx.
877 249 978 316 sequitur
994 269 1032 319 ep.
1047 256 1088 311 134

238 336 246 368 r
263 334 298 371 .v.

280 460 357 518 san.
385 456 586 517 sunnonis
603 458 647 515 m.
659 456 706 533 T.
725 455 917 516 ciceroni
939 438 964 516 s'.
984 458 1023 516 n.

214 610 401 719 PQSTH.
413 607 499 683 quim
520 607 590 665 mihi
610 607 797 666 renuntiatum
819 604 857 663 est
870 604 905 663 de
923 604 1001 665 obitu
1016 606 1089 694 Tul-

271 686 339 755 lrae,
365 685 429 743 filrae
450 698 531 754 tuae,
556 680 619 741 sane
639 682 746 760 bquim
769 726 777 753 ‚
797 700 848 757 pro
871 698 906 741 eo
926 699 959 739 ac
987 683 1087 753 debu,

214 763 332 837 graviter
352 759 522 845 molesteque
546 759 621 826 tuli,
641 776 882 835 communemque
897 776 960 816 eam
976 760 1089 818 calami-

129 864 136 876 ·
215 850 302 896 tatem
316 837 474 895 existimavi.
495 832 576 911 quisi
590 833 646 892 istic
666 832 825 893 affuissem:
857 852 950 912 neque
969 836 1019 894 tibi
1039 835 1089 895 de-

216 911 350 984 fuissem,
376 929 527 986 coramque
549 928 646 967 meum
667 910 794 969 dolorem
821 911 871 969 tibi
904 909 1089 971 declaraffem.

216 989 273 1050 Eri
299 1001 327 1044 3²
342 1006 427 1065 genus
447 988 504 1046 hoc
533 985 725 1047 consolationis
753 986 883 1045 miserum
902 999 985 1066 atque
1012 1006 1091 1123 ager-

1040 1082 1092 1124 um

250 1286 286 1331 32.
303 1270 361 1383 Eqfi
367 1285 432 1335 genus
442 1271 479 1317 hoc
492 1270 639 1332 consolationis
645 1271 765 1319 ,minimum
774 1280 837 1334 atque
848 1271 944 1318 aenium
955 1267 1003 1326 esd]
1018 1269 1088 1324 Nos,

215 1338 317 1397 miserum
338 1330 470 1408 cr‘pfimus,
485 1333 596 1383 nonnihil
611 1349 625 1382 a
639 1328 729 1382 vetusto
746 1331 826 1381 codice
842 1332 934 1393 adjuti:
950 1328 990 1380 sed
1003 1342 1088 1379 tamen

216 1398 243 1447 in
254 1398 413 1446 monstror
424 1398 505 1443 iurata
514 1396 561 1452 est,
576 1400 658 1445 mirum
667 1398 733 1445 enim
743 1396 828 1460 legitur
839 1412 845 1442 r
861 1411 906 1443 uos
917 1393 1022 1441 mediam
1040 1391 1089 1457 syl·

216 1459 298 1509 labam
309 1475 323 1507 a
336 1458 434 1507 librariis
450 1459 557 1507 reiistam
573 1473 689 1523 putamus.
723 1464 790 1506 Hane
811 1460 884 1506 etiam
900 1457 1031 1505 leitionem
1046 1468 1088 1503 aut

216 1525 357 1571 irrueneruut
367 1523 393 1569 in
408 1523 507 1585 antiqno
523 1523 670 1579 exemplari,
686 1534 725 1570 aut
739 1534 802 1569 certe
816 1519 1008 1584 excogitaverunt
1024 1521 1087 1567 Ger

217 1586 298 1642 mani,
314 1582 401 1633 habent
412 1585 477 1632 enim
487 1599 540 1632 eam
551 1586 647 1635 illorum
658 1585 749 1633 codices
760 1581 851 1631 Bafileae
862 1597 926 1631 auno
935 1594 1096 1639 nnxxvnr·

216 1645 328 1711 imprelli.
345 1660 370 1694 ut
382 1648 448 1693 enim
459 1660 553 1710 apparet
568 1661 598 1694 ex
613 1649 694 1697 multis
705 1645 858 1701 letiionibus,
869 1660 927 1709 quas
944 1647 968 1692 in
978 1647 1088 1708 margine

217 1708 272 1757 libri
283 1710 477 1766 collocaverunt,
494 1725 568 1757 unum
578 1709 700 1773 quoddam
716 1724 769 1773 egre
787 1709 835 1755 'um
851 1710 962 1755 onmium
976 1706 1088 1771 epistola·

217 1786 272 1821 rum
282 1772 403 1836 exemplar
412 1770 519 1821 videntur
528 1772 564 1820 illi
578 1770 697 1828 habuisse,
713 1787 761 1835 quo
780 1785 824 1834 que
840 1771 947 1835 plurimis
962 1770 1020 1818 loeis
1028 1784 1087 1818 eum

216 1833 300 1885 nostro
310 1832 451 1883 concordet:
468 1838 493 1884 &
504 1850 529 1883 ut
539 1850 590 1884 rem
599 1848 623 1883 ut
634 1834 667 1883 est
682 1848 842 1899 exponamus,
859 1848 873 1882 a
888 1833 956 1881 nullo
971 1833 1022 1881 sere
1037 1834 1086 1881 aiio

218 1895 303 1947 formis
318 1894 415 1954 excuso,
431 1912 461 1945 eo
471 1911 571 1963 excepto
582 1933 589 1955 ,
606 1898 680 1946 ullam
690 1912 761 1962 opem
771 1898 908 1961 accepimus.
930 1899 995 1944 Cum
1006 1908 1088 1945 aurun

219 1960 269 2023 ejus
284 1957 341 2071 sape
356 1959 519 2024 castigationes
540 1976 593 2009 eum
617 1959 696 2008 nostra
716 1961 813 2021 antiqua
832 1959 936 2007 scaione
956 1972 1086 2023 congruere

219 2025 301 2071 anima
317 2027 445 2080 vertimus,
461 2023 571 2073 fidentius
587 2026 620 2072 ita
635 2022 760 2079 emendare
773 2020 819 2069 auli
834 2019 919 2070 sumus.
951 2026 990 2070 Eo
1005 2035 1089 2079 autem

219 2083 296 2133 studio
308 2089 332 2135 δι
343 2086 466 2149 diligentia
475 2087 511 2134 illi
521 2088 617 2151 optimis
627 2086 691 2134 libris
701 2083 859 2149 perquirendis
872 2081 895 2132 se
906 2085 996 2133 multos
1007 2098 1086 2133 annos

218 2146 402 2204 dediderunt‚ut
414 2162 427 2194 e
441 2148 542 2197 tenebris
557 2164 608 2196 non
623 2164 709 2212 paucos
725 2149 839 2203 eruerint,
855 2161 930 2211 eaque
943 2146 1086 2197 liberalitate

219 2209 323 2259 eruditos
334 2212 359 2257 &
373 2207 508 2274 ingeniosos
523 2213 603 2267 viros,
619 2211 720 2277 quorum
735 2225 751 2257 0
768 2225 806 2258 ent
820 2210 846 2257 in
861 2210 1005 2274 corrigendis
1020 2208 1086 2259 libris

218 2284 349 2328 uterentur,
365 2271 479 2335 prosecuti
489 2270 584 2329 sunt,ut
596 2289 711 2338 magnam
721 2226 848 2321 utiiitatem
860 2274 947 2321 Latine
952 2273 1040 2338 lingua
1050 2284 1085 2323 at·

217 2334 328 2390 tulerint,
344 2330 397 2383 &st
409 2349 490 2382 verum
506 2334 574 2383 fateri
590 2337 675 2385 volunt
689 2337 856 2385 humaniorum
871 2334 1002 2384 studiorum
1018 2350 1084 2385 ama·

218 2410 301 2453 rores,
318 2411 368 2446 non
389 2397 483 2445 aliunde
495 2410 591 2447 tanturn
605 2399 686 2447 auxilii
700 2398 802 2473 ipsorum
817 2396 896 2447 studiis
911 2395 1085 2463 suppeditatum

217 2458 259 2508 est.
292 2458 410 2523 Qicquid
424 2460 553 2509 enim'fere
568 2460 604 2509 his
620 2462 764 2527 temporibus
779 2473 819 2509 aut
835 2460 989 2510 emendatum
1003 2464 1083 2518 'exiit‚

216 2534 257 2572 aut
269 2522 417 2571 reconditum
426 2522 547 2588 latensque
562 2525 586 2571 in
600 2526 677 2573 lucem
692 2525 796 2589 prodiit,
812 2523 867 2572 inde
887 2523 1023 2587 profestum
1042 2523 1081 2574 esi.

217 2586 267 2635 Alii
277 2589 357 2633 durum
366 2587 532 2636 emendarunt:
550 2587 616 2651 qnod
625 2590 680 2653 quia
690 2601 741 2637 tarn
750 2590 824 2651 longe
838 2585 868 2635 ab
883 2589 989 2651 antiquis
1003 2602 1084 2637 errent·

216 2648 320 2713 plaribus
330 2647 439 2705 discedit,
455 2650 604 2714 negligimus.
638 2650 725 2699 Nostra
734 2651 806 2698 lectio
818 2648 887 2697 valde
896 2648 1016 2699 sententia
1027 2666 1085 2701 con·

216 2712 288 2775 gruit.
321 2710 360 2759 Est
370 2714 435 2761 enim
444 2717 546 2774 misirum
556 2711 622 2772 stne,
638 2710 747 2779 cumipse
760 2711 922 2761 consolatione
932 2710 1003 2777 egeas
1014 2746 1022 2770 ‚
1042 2728 1083 2779 pa·

216 2775 285 2836 rique
295 2774 320 2820 in
330 2772 394 2822 lustu
403 2774 508 2832 verseris,
525 2774 605 2825 officio
619 2774 683 2841 quasi
700 2778 772 2839 cogi,
787 2776 888 2823 aliorum
906 2775 1026 2840 lacrymas
1046 2774 1084 2825 ab·

216 2833 322 2899 stergere.
381 2838 427 2885 uod
437 2852 515 2887 autem
526 2855 569 2886 nos
581 2840 788 2888 emendaverimus
797 2839 882 2897 confieri
890 2836 1042 2889 librariorum
1050 2840 1084 2889 irr-

215 2901 279 2946 curia
298 2902 324 2947 in
338 2916 373 2944 con
391 2906 432 2947 reri
446 2904 542 2965 turpiter
559 2905 732 2951 commutavit:
754 2896 862 2958 sedhic,
879 2904 904 2950 δι
921 2900 1082 2960 hujuscemodi

216 2976 320 3018 errores,
337 2960 413 3025 qnaso
425 2978 455 3010 ne
465 2962 533 3012 nobis
544 2965 602 3013 vitio
613 2965 710 3013 dentur:
726 2980 770 3012 nec
779 2965 846 3012 enim
854 2962 978 3028 presentes
989 2962 1082 3031 impres-

217 3022 278 3072 sioni
295 3022 424 3083 adfuimus,
442 3028 466 3074 &
477 3038 543 3074 tanea
552 3024 585 3074 est
600 3028 685 3077 horum
700 3028 859 3091 operariorum
873 3027 1043 3093 negligentia,
1057 3040 1081 3077 ut

217 3087 285 3135 nulla
302 3086 408 3136 sedulitas
429 3086 482 3136 satis
502 3086 548 3137 esse
571 3089 640 3154 polilt
659 3089 689 3138 ad
710 3105 794 3138 eorum
816 3103 913 3154 peccata
937 3090 1082 3158 corrigenda.

217 3152 331 3201 lictorius.
364 3155 436 3198 Genus
445 3155 483 3197 hoc
492 3153 635 3213 cousosatr'om's
650 3156 751 3214 miserum
764 3167 828 3217 atque
837 3154 935 3201 acerbum
948 3154 997 3213 ess,
1014 3154 1082 3205 editio

217 3212 331 3270 visioni,
346 3215 421 3263 vatic.
433 3216 480 3264 Pul.
493 3216 587 3280 quirrtus
598 3215 628 3264 ad
642 3219 773 3281 marginem
786 3231 792 3262 ε
826 3229 904 3265 uarrus
921 3217 980 3267 vero
991 3219 1083 3281 autferti-

218 3289 286 3323 mum.
299 3278 369 3324 ceteri
379 3292 462 3324 omnes
472 3282 594 3328 minimum.
628 3278 691 3327 Mihi
705 3292 787 3327 tamen
801 3231 878 3343 ducet
892 3279 1022 3331 inventum
1036 3278 1082 3331 aliia

218 3338 308 3385 mirum.
325 3340 428 3388 ceterum
440 3340 491 3403 post
502 3341 580 3390 statim
596 3342 654 3415 legit
664 3341 711 3390 Pal.
723 3357 756 3405 pr.
771 3354 808 3404 per
824 3358 875 3405 quos
889 3358 915 3387 ea
928 3344 1018 3404 confieri
1032 3342 1081 3393 daia

218 3392 275 3444 sicut
286 3400 310 3445 in
321 3401 436 3449 Medicao
447 3405 531 3469 reperit
541 3405 664 3452 Vislorrus.
681 3404 764 3458 ceteri,
780 3401 837 3452 sicut
848 3407 932 3453 &tres
943 3406 1082 3459 Gulielmid·

218 3460 258 3518 ni,
274 3478 298 3509 «a
307 3462 361 3526 fiiri
369 3466 413 3518 aa.
426 3466 776 3535 sincerissimamque.
792 3468 874 3539 deiram
889 3466 1018 3594 Gebhatql}
1043 3526 1086 3593 Q,
