2272 4020
253 137 293 204 28
378 136 546 203 Eutsr.
582 133 981 203 subrusticum

250 247 406 364 perversus
421 248 639 327 (graviori-enim
653 247 739 305 verbo
753 247 793 304 uti
805 264 864 306 non
877 246 960 323 libet)
980 250 1029 326 qui
1049 232 1130 315 nos-'⁴

265 333 358 410 ⁹quos
371 325 492 385 favendo
511 326 541 384 in
558 324 705 385 communi
718 322 795 381 causa
815 324 930 384 retinete
943 337 1096 400 potuenmt
1122 358 1134 406 .‘

87 436 90 442 ·
132 398 403 463 uacua-invidendo
417 401 636 461 sabalienarunt:
656 416 777 479 quorum
792 400 1046 477 malivolentiffimis
1066 406 1136 465 oh-'·

117 486 201 521 mave.
249 476 455 539 ueuauonibus
474 495 525 537 nos
545 476 613 535 scito
633 475 668 535 de
683 488 775 535 vetere
795 474 839 533 hu
852 474 958 546 nostra,
977 477 1128 545 diuturna.-

98 545 159 584 ω·
248 568 305 627 que
319 551 448 615 sententia
461 550 618 686 propdipam
632 549 685 633 esse
694 549 838 639 depulsos,
856 570 916 612 non
935 571 988 619 nos
1001 550 1127 633 quidsuis

248 628 391 689 ut-nostrae
404 629 538 707 dignitatis
560 646 633 687 unus
645 628 738 698 oblrn,
757 626 802 689 sed
815 638 846 686 ut
864 627 1012 690 habeamus
1032 634 1127 695 ηῑὶο-’ῖ

97 719 162 775 h&
182 720 316 775 mnam
328 706 474 784 aliquando
488 704 701 765 hemmsaiutis.
738 705 848 763 Poterat
860 716 1009 783 utrumque
1029 706 1127 784 iprae,

96 784 107 833 i
121 799 187 849 proc
248 779 336 851 clare,
355 782 376 840 fi
391 779 455 840 esset
469 780 552 850 fides,
574 780 594 839 fi
606 780 721 859 gravitas
735 782 764 840 in
777 780 933 841 hominibus
947 782 1117 847 &consulm-

96 845 162 921 fieri,
177 848 197 899 fi
248 854 304 914 bus.
323 857 369 917 sed
382 870 456 917 tanta
470 857 507 916 est
520 859 549 917 in
569 856 651 933 pletis
665 875 700 914 ue
720 855 813 915 levitas
827 899 836 925 ,
855 868 887 915 ut
906 876 955 916 eos
975 876 1035 919 non
1055 874 1114 925 tam

96 922 170 1022 {232¹}
248 933 396 995 constantia
408 934 438 994 in
458 934 593 1068 republica
613 950 652 991 no
687 950 703 992 a
723 932 863 1002 delesset,
882 932 966 1010 ΨΜ
986 935 1115 1011 splendffl
1124 948 1132 959 ’

94 1032 191 1086 kconfi
248 1007 378 1073 offendat.
417 1012 484 1086 Quo
518 1027 553 1067 eo
566 1007 690 1067 libentiiu
704 1008 739 1079 ad
752 1021 780 1067 te
794 1008 903 1079 scribo,
930 1012 978 1086 qui
997 1030 1056 1072 non
1070 1014 1113 1075 so·

30 1088 35 1101 “
95 1096 159 1150 effa.
245 1081 304 1143 liam
326 1084 577 1162 temporibushis,
602 1101 666 1178 quae
705 1096 781 1143 erte
802 1085 861 1157 sum
881 1084 1009 1161 adeptus,
1030 1090 1114 1152 90sed

93 1162 170 1235 radan.
244 1161 328 1221 etiam
336 1163 404 1222 olim
414 1162 532 1222 nascenti
545 1178 631 1238 prope
644 1178 684 1220 no
756 1159 846 1231 laudi,
866 1159 1007 1236 dignitati,
1027 1166 1113 1227 virtu·

79 1222 105 1270 ’1
120 1222 216 1274 hunt.
1034 1243 1113 1320 tique

90 1287 159 1339 Grac.

275 1385 311 1430 ⁸9.
328 1377 389 1441 Qus
396 1379 491 1439 flaocado
502 1383 525 1427 in
536 1380 641 1427 communi
650 1378 731 1439 causa]
745 1378 842 1427 Veneti:
855 1377 955 1443 fovenda.
989 1378 1109 1444 Significat

244 1451 323 1489 autem
333 1440 379 1488 hoc
389 1441 485 1495 verbum
495 1441 630 1500 beianum,
646 1453 671 1489 ut
682 1458 689 1489 ι
706 1444 772 1488 Fovit
781 1439 806 1488 eei
816 1443 895 1489 vulnus
906 1442 990 1505 lympha
1005 1444 1039 1488 lau
1052 1462 1110 1493 avus

243 1506 312 1564 lupis.
328 1507 429 1579 Itaque,
444 1503 462 1553 st
476 1504 522 1555 hoc
533 1520 615 1554 verum
624 1502 669 1559 est,
685 1501 707 1552 se
718 1504 862 1565 dispensatis
877 1501 933 1552 dicit
944 1520 959 1553 u
970 1459 1109 1569 quibusdam

193 1576 196 1583 ’
244 1577 259 1610 a
269 1562 335 1615 eausa
345 1568 472 1619 ahenattun
482 1570 573 1618 Cicero.
591 1575 695 1616 Cameria

274 1643 313 1681 90.
330 1631 374 1676 sed
382 1635 448 1677 etrum
456 1633 509 1677 otim
523 1632 613 1691 nascenti
625 1642 685 1693 prope
694 1628 763 1689 nostra
775 1629 837 1676 laudi
842 1663 849 1684 ,
864 1630 1107 1699 dapnitatr'ffltjrturs‘quae

240 1689 365 1757 pressisti]
381 1695 425 1742 Hic
435 1692 552 1742 reddenda
562 1708 575 1740 a
585 1691 653 1741 nobis
664 1695 723 1741 ratio
734 1690 765 1739 est
776 1707 814 1740 cur
829 1691 927 1748 loctuu,
942 1692 984 1757 qui
997 1707 1068 1743 antea
1080 1697 1106 1747 in

243 1751 353 1801 omnibns
362 1754 474 1821 impressis
484 1753 600 1805 codicibus
615 1754 680 1803 nrtlla
695 1752 776 1802 mendi
790 1750 915 1863 sufficione
927 1752 1065 1820 legebatur,
1080 1770 1106 1817 nr

242 1815 353 1865 ntutiium
371 1820 548 1875 notaverimus,
573 1815 659 1865 duabus
674 1814 792 1865 subtractis
837 1816 959 1866 uioubus.
992 1812 1105 1871 Nostrum

242 1876 367 1931 confilium
377 1878 434 1937 suit,
450 1881 635 1946 optimeleshor,
652 1878 734 1943 (quod
748 1877 856 1927 omnibus
870 1878 962 1944 probari
978 1880 1063 1947 cupio)
1079 1886 1109 1937 ut'

242 1953 358 2005 quantum
367 1956 408 2010 pet
417 1958 461 1991 nos
471 1942 521 1993 fieri
531 1942 614 2009 possit,
629 1940 743 1991 finceram
758 1943 878 1991 Ciceronis
893 1939 1027 2006 scripturam
1041 1944 1104 1995 resti-
1123 1970 1126 1975 ·

241 2015 365 2054 manus.
382 2005 446 2071 quod
456 2004 526 2054 sicubi
536 2012 561 2055 in
571 2005 638 2054 locos
648 2019 745 2053 mancos
756 2003 892 2060 incidimus,
907 2007 978 2053 tutius
988 2004 1056 2065 nobis
1067 2010 1101 2057 vi·

243 2063 295 2114 surm
305 2067 351 2127 est,
367 2083 407 2116 eos
417 2081 442 2117 ut
456 2070 481 2116 iu
497 2069 597 2132 antiquis
613 2071 639 2117 δι
670 2064 756 2116 tobatis
772 2081 841 2119 exem
858 2065 942 2115 laribus
957 2067 1102 2128 invenimus,

239 2126 348 2186 scribere,
363 2145 435 2194 quam
445 2144 470 2178 ut
481 2144 495 2178 a
505 2127 640 2194 quibusdam
652 2082 716 2193 smus
727 2127 821 2202 quidem
838 2082 968 2187 sententia,
983 2144 1067 2196 partun
1077 2134 1103 2185 in

242 2192 324 2240 adieris
334 2190 349 2240 s
356 2195 373 2240 ri
402 2195 420 2240 's
429 2191 551 2257 modestis)
562 2189 659 2265 suppleti
669 2189 733 2241 sunt:
749 2206 896 2257 quroperam
906 2190 993 2241 dabant
1007 2206 1032 2243 ut
1048 2195 1103 2243 nul-

240 2205 1113 2328 luslocusessentequononaliquassensnseliceretur:putabaturquehoceise¹

242 2313 348 2365 officium
357 2319 506 2375 corrcdhoris,
522 2317 581 2369 nihil
593 2320 666 2380 jacere
681 2330 736 2381 patr.
754 2331 768 2364 a
782 2332 883 2381 quorum
898 2320 1023 2382 opimone,
1040 2320 1100 2379 iam·

259 2377 333 2429 tidem
344 2394 357 2429 a
367 2380 442 2428 nouis
453 2381 506 2428 viris
517 2380 629 2429 damnata
645 2382 669 2428 &
680 2379 764 2438 reies’ca
776 2414 783 2436 ,
800 2395 844 2428 nos
858 2378 931 2445 longe
942 2377 1102 2445 dissentimus,
1113 2397 1116 2403 ·

241 2392 402 2507 diversumque
412 2442 640 2507 penitusinstiturum
650 2439 804 2495 securisumus
816 2459 823 2489 :
841 2457 923 2491 omnes
939 2446 1003 2495 etaim
1015 2444 1103 2507 locos,

275 2506 378 2557 'contra
394 2518 498 2554 verenam
513 2505 620 2555 codicum
636 2504 709 2554 fidem
724 2520 738 2552 a
757 2504 922 2556 recentioribus
942 2508 1103 2573 grammaticis

240 2518 339 2633 ssuppleti
349 2567 413 2625 sunt,
429 2583 488 2632 quos
499 2584 543 2617 nos
552 2567 665 2620 veteribus
680 2566 780 2635 vestigiis
796 2567 906 2616 haerentes
921 2570 1036 2635 corrigere
1050 2585 1103 2620 nott

239 2633 372 2695 potuimus,
387 2632 412 2679 in
423 2633 544 2697 amiquam
553 2632 680 2681 lestionem
695 2633 850 2688 retraximus,
865 2645 896 2680 ne
911 2631 962 2694 quis
976 2629 1046 2681 verba
1060 2633 1103 2685 illa

240 2707 285 2757 pro
294 2693 406 2758 legitimis
421 2695 541 2743 Ciceronis
552 2696 665 2761 accipiens
675 2692 781 2749 saliatur,
797 2695 823 2743 δι
832 2706 858 2742 ut
867 2691 978 2742 industria
986 2692 1101 2749 studioso·

239 2770 292 2803 mm
306 2755 390 2804 habeat
399 2756 425 2803 in
453 2771 484 2809 uo
494 2755 516 2806 se
526 2770 650 2815 exerceat,
666 2770 841 2821 querunturque
855 2757 1007 2821 antiquiora,
1063 2759 1102 2807 irr-

240 2829 265 2865 te
294 2819 342 2866 'ora
356 2771 515 2882 exempdaria,
531 2817 548 2867 fi
568 2820 618 2869 ulia
633 2814 728 2868 sonasse
743 2818 817 2869 adhuc
831 2818 924 2881 latent,
948 2834 1000 2883 quac

240 2880 264 2928 ie
288 2882 367 2929 ionem
377 2882 499 2930 retineant.
530 2884 575 2933 Hic
585 2896 664 2931 autem
679 2882 744 2930 locus
760 2917 767 2939 ,
783 2881 812 2929 de
843 2896 874 2929 uo
889 2896 951 2938 nunc
966 2881 1102 2946 loquimur,

136 2962 138 2966 ’
238 2956 265 2990 ut
275 2942 352 2999 vides,
363 2943 447 3009 legimur
456 2948 481 2992 in
491 2944 626 2995 melioribus
636 2943 765 2993 codicibus:
781 2896 950 2997 deuderemus
965 2942 1028 2993 aliud
1061 2961 1104 2994 ta,

237 3018 274 3054 ter
285 3005 447 3069 verbum‚quo
456 3005 581 3075 superiores
590 3008 705 3057 dictiones
719 3008 781 3057 nesti
795 3006 898 3063 debent,
913 3006 1031 3055 dooioxes
1064 3008 1102 3058 'li-

237 3070 329 3133 gentius
340 3068 533 3120 animadvertent.
554 3068 636 3119 scimus
646 3083 723 3119 autem
735 3070 863 3119 nonnullos
873 3084 916 3134 pro
927 3068 1050 3133 profuisti,
1066 3072 1102 3119 ie.

236 3131 395 3243 fierefamsti:
412 3146 462 3196 quar
473 3148 507 3181 res
523 3146 592 3200 auget
606 3135 677 3183 eriam
693 3130 862 3204 suspicionem,
878 3132 918 3181 vei
931 3135 1009 3199 potius
1020 3148 1060 3181 me
1074 3136 1101 3189 in

255 3208 282 3240 ae
292 3194 405 3258 opinione
420 3194 563 3251 confirmat,
583 3208 609 3244 ut
624 3211 653 3244 ea
666 3210 718 3260 qun
731 3198 776 3244 nos
791 3195 920 3245 delevimus
934 3194 1021 3253 verba,
1038 3211 1102 3251 nova

236 3253 300 3313 sint,
316 3259 342 3306 δι
353 3256 381 3307 ab
393 3258 472 3321 aliquo
483 3256 593 3323 suppleta,
609 3274 663 3308 cum
673 3260 737 3307 enim
748 3256 859 3307 nonsatis
873 3256 933 3305 bene
948 3257 1017 3307 firma
1032 3257 1101 3323 scrip-

236 3318 331 3369 turasii
355 3319 454 3384 aliquid
468 3319 517 3369 fere
531 3319 621 3385 semper
636 3323 686 3370 vitii
702 3319 779 3369 subest.
799 3322 910 3369 Viiiorim.
943 3323 1039 3369 Veneti:
1057 3324 1103 3369 Sed

232 3383 284 3442 jam
297 3352 441 3499 οἰίὦῇλ,
456 3382 522 3447 qnod
540 3384 599 3432 mihi
619 3399 669 3432 non
684 3382 845 3447 improbatur,
866 3383 905 3443 sed
925 3385 951 3437 (5
966 3387 1016 3444 jam
1037 3387 1099 3435 olins.

426 3449 519 3499 mourut
528 3446 644 3500 vtoouus
655 3459 682 3496 ac
691 3447 812 3499 Mannum
826 3445 908 3501 locum
916 3442 962 3501 effe
970 3443 1101 3563 ῑιιῷείξιιὲη

1034 3524 1067 3561 vu
1093 3527 1102 3565 ἓ

238 3446 332 3496 camec.
347 3444 370 3496 Ἦ
