2206 3914
213 162 273 234 104
313 150 424 217 Errat.
446 162 497 216 ar>
517 148 559 221 C.
578 147 788 227 cumeurn,
812 164 856 213 ar
878 164 982 217 aoros

213 266 314 326 Credas
327 269 383 327 hoc
404 269 472 328 mihi
492 269 600 338 velim,
619 268 697 345 quod
716 280 832 343 putore
854 266 1024 339 existimare,
1043 282 1059 329 e

60 343 156 417 [vulgo
211 344 252 401 his
273 345 383 402 miseriis
407 345 508 404 ¹7nihil
527 344 619 404 raliud
659 362 787 414 merere,
813 343 863 403 nisa
891 356 923 402 ut
948 345 1060 405 homine

62 407 125 459 ΒΜ
139 420 185 457 ¹¹²²
211 419 359 501 aliquando
373 422 538 497 intelligant,
559 439 605 479 me
617 362 684 479 tribu
698 418 835 489 maluisse,
854 419 941 498 quam
961 438 1059 496 pacem

211 511 244 552 ea
265 496 423 571 desperata,
450 497 517 556 nihil
542 509 600 556 tarn
628 494 722 572 firgisse
736 539 755 577 ,Ι
771 496 857 574 quim
883 514 960 555 arma
980 496 1061 557 civilia

213 572 304 649 Hujus
319 590 365 630 me
380 573 537 633 constantiae
551 585 620 649 puto
634 574 711 642 sore,
729 584 761 631 ut
774 590 928 649 numquam
935 574 1062 648 poenitert

212 646 324 706 Etenim
340 651 473 720 memini,
492 653 521 710 in
534 652 590 708 hoc
603 667 704 724 genere
717 649 824 725 gloriari
837 649 946 708 solitum
962 647 1016 706 effe
1036 651 1063 708 sa

212 724 347 783 miliarem
368 725 513 794 nostrum,
533 729 570 802 Q.
592 726 797 794 Hortensium,
816 723 895 803 quod
920 742 1064 801 numquan

212 799 284 858 bello
298 801 370 858 civili
390 799 555 858 interfuisset.
594 802 661 858 Hoc
681 802 770 860 nostra
788 802 845 860 laus
865 802 914 860 erit
934 801 1060 861 illustrior

211 874 290 951 qubd
308 878 345 934 illi
364 877 529 935 tribuebatur
548 877 687 955 ignaviae:
722 877 756 938 de
777 879 855 937 nobis
876 877 904 937 id
931 877 1065 937 existimat

211 949 286 1026 posse
300 971 358 1010 non
372 953 492 1010 arbitror.
531 953 593 1010 Nec
608 967 654 1010 me
675 952 721 1010 ista
740 965 864 1022 terrent,
884 970 949 1029 quae
970 954 1039 1013 mihi
1058 953 1067 1013 i

143 1042 147 1051 ·
209 1040 238 1085 te
252 1027 287 1087 ad
299 1029 430 1087 timorem
444 1026 568 1087 fidislrme
581 1040 663 1104 atque
682 1027 862 1088 amantissime
876 1042 1067 1104 proponuntur

212 1104 293 1162 Nulla
308 1104 344 1162 est
358 1106 432 1164 enim
447 1105 593 1173 acerbitas,
612 1120 676 1180 quae
689 1122 747 1162 non
768 1106 896 1164 omuibus
911 1148 920 1175 ,
938 1106 992 1165 hac
1004 1106 1069 1167 orbi

115 1229 120 1243 .
155 1229 163 1244 .
210 1191 342 1238 terrarum
370 1182 596 1256 perturbatione,
621 1180 781 1255 impendere
809 1181 954 1241 videatur:
988 1200 1069 1259 quam

211 1256 325 1335 quidem
346 1275 363 1315 e
381 1257 430 1316 oa
453 1259 611 1333 republica,
639 1258 707 1315 meis
727 1258 835 1331 privatis
861 1260 891 1316 ὅ(
918 1258 1070 1319 domesticit

209 1275 398 1393 incommodis
417 1331 587 1397 libentissime
630 1333 676 1391 vel
703 1330 753 1392 istis
774 1333 857 1409 ipsis,
877 1352 942 1410 quae
967 1346 999 1393 tu
1026 1354 1070 1395 rne

211 1426 327 1478 mones,
347 1422 378 1468 ut
397 1428 510 1468 caveam
534 1452 542 1478 ‚
562 1376 742 1468 redemissem.
781 1410 849 1468 Filio
877 1426 967 1481 meo,
987 1429 1071 1528 guem

210 1483 259 1542 ubi
273 1502 366 1543 carum
381 1483 434 1543 esse
454 1486 580 1561 gaudeo,
599 1484 619 1544 sr
640 1486 689 1544 erit
709 1486 762 1547 ulla
783 1486 951 1561 respublica,
974 1499 982 1529 ¹
1015 1486 1072 1549 satir

208 1559 332 1649 amplum
353 1563 549 1636 patrimonium
569 1562 720 1638 relinquam
746 1563 776 1620 in
797 1561 932 1621 memorii
951 1565 1073 1627 nominis

207 1650 273 1693 mer.
293 1635 331 1694 sm
345 1649 439 1695 autem
457 1638 529 1696 nulla
549 1638 622 1695 erit:
642 1639 709 1697 nihil
728 1640 835 1699 accidet
855 1640 881 1697 ei
900 1638 1073 1714 separatim&

206 1708 314 1786 reliquis
328 1712 438 1775 civibus,
478 1714 553 1777 Nam
567 1711 644 1789 quod
664 1731 758 1791 rogas,
778 1728 809 1773 ur
828 1714 966 1850 respiciam
986 1734 1073 1793 gene·

208 1803 270 1844 rum
285 1805 398 1857 meum,
418 1788 619 1848 adolescentem
640 1791 803 1866 optimum,
830 1791 868 1849 m'
889 1791 897 1849 i
917 1809 952 1850 ue
974 1792 1074 1853 cariffi-

209 1878 304 1923 tnum:
325 1881 360 1922 an
374 1864 494 1936 dubitas,
513 1863 677 1936 cumides,
696 1869 791 1943 quanti
804 1867 868 1927 ciam
888 1810 964 1927 iflum
981 1911 990 1938 ,
1009 1880 1071 1931 nun

209 1938 278 1997 verb
288 1940 416 1999 'Tulliam
437 1958 530 2001 meam
552 1942 675 2011 faciam,
693 1943 761 2019 quin
782 1962 813 2001 ea
835 1962 880 2002 me
901 1962 966 2002 cura
986 1946 1073 2005 vehe-

208 2015 373 2075 mentissrmb
386 2017 528 2078 sollicitet?
549 2020 579 2076 δι
592 2017 628 2075 eb
643 2036 687 2076 ma
716 2037 743 2089 s,
764 2018 840 2094 quod
862 2020 890 2079 in
911 2022 1073 2081 communi-

208 2090 257 2155 bus
270 2093 397 2169 miseriis‚
415 2094 467 2153 hac
481 2108 576 2161 tamen
588 2037 741 2155 oblatrabat
753 2092 875 2213 [ρςξυίπς
896 2096 1071 2237 Dollalllrglllamm

1060 2216 1072 2245 1

206 2330 282 2393 demr,
298 2338 368 2384 eursu
377 2336 432 2398 sm.
445 2346 511 2401 pem.
533 2350 602 2391 non,
621 2346 648 2383 ut
663 2335 736 2400 vulgo
751 2371 759 2394 ‚
774 2347 800 2383 ut
816 2338 839 2382 in
849 2335 902 2395 sent.
917 2350 1066 2400 pemaneron.

279 2399 314 2448 vis
328 2414 412 2449 omnen
422 2398 475 2448 libri
489 2399 624 2448 reclament.
641 2396 672 2446 src
683 2401 748 2447 enirn
759 2400 896 2463 loquimur,
918 2405 998 2448 omnia
1011 2406 1068 2450 acci·

204 2410 280 2508 w
290 2478 327 2510 cur
337 2466 373 2509 hoc
383 2465 420 2509 vel
433 2464 491 2509 illud
503 2462 603 2522 facerem.
636 2466 667 2510 Et
682 2460 755 2573 supra
769 2463 877 2527 proxime
891 2460 923 2510 fic
943 2464 1066 2529 loquitur,

203 2526 260 2594 qnid
273 2541 318 2588 ergo
328 2526 424 2587 accidit,
444 2542 481 2573 our
495 2526 564 2583 confil.
580 2537 634 2575 mat.
651 2528 711 2573 Lam
728 2527 759 2574 ira
793 2527 869 2573 Miror
892 2525 949 2590 quid
968 2524 1068 2576 Lambi-

203 2600 263 2636 num
273 2588 414 2655 pennaverit
423 2600 449 2637 ut
458 2586 496 2637 bic
506 2599 589 2641 eontra
599 2589 708 2636 omnium
717 2587 830 2636 librorum
841 2586 913 2636 fidem
924 2603 967 2652 pro
983 2604 1007 2636 nr
1023 2604 1068 2639 vo-

203 2645 273 2701 luerit
283 2648 348 2701 scribi
362 2668 405 2703 cur.
428 2644 488 2701 Noli
502 2653 567 2705 enim
581 2649 633 2700 libri
648 2646 705 2708 soli,
721 2649 759 2703 sed
775 2655 800 2700 be
817 2652 876 2700 ratio
890 2653 912 2701 ei
928 2650 1065 2703 adversatur.

203 2712 335 2772 Quomodo
346 2714 411 2766 enim
421 2715 489 2767 aliret
500 2715 634 2782 loqueretur
648 2715 752 2772 Cicero,
772 2716 838 2780 Qid
851 2729 896 2777 ergo
912 2715 1009 2771 accidie,
1029 2733 1068 2763 m

201 2772 311 2831 confilium
319 2784 446 2823 muctarem?
462 2784 534 2826 Nonne
549 2781 621 2827 omnia
631 2781 702 2841 potius
718 2777 869 2834 acciderunt,
884 2789 909 2824 ut
923 2780 947 2823 aba
963 2778 1069 2839 sementia

196 2843 357 2899 permanerem?
373 2841 485 2890 Graevius.

200 2912 271 3013 ἂιιῐῶ.
288 2898 357 3005 Nan}
364 2900 428 3007 418ῐέῒί
441 2909 596 3010 marera]
616 2906 706 2975 Harum
712 2916 955 3014 wffimffpmestunffim
967 2901 1065 3014 meffru·

319 2975 364 3009 ar.
527 2977 609 3011 tamen
660 2978 736 3012 uram
808 2982 858 3013 .c
905 2983 985 3016 eme.
1053 2992 1065 3005 ·

201 3034 240 3072 te:
256 2973 331 3071 mptslitis
342 3027 365 3070 in
374 3023 481 3078 minsis,
496 3024 580 3081 idest,
596 2979 677 3074 meze
687 3024 823 3073 nfflruando
834 3042 891 3084 me,
907 3030 932 3077 bc
960 2982 1066 3078 neren‘bb

202 3087 228 3134 δι
240 3083 402 3140 slrbducendo‚
412 3098 462 3132 non
473 3099 574 3151 quarere
587 3086 735 3137 occasionem
755 3087 862 3138 elabendi
878 3105 907 3140 ex
919 3043 1004 3150 ltssia,
1025 3090 1064 3142 sed

200 3145 248 3199 hoc
258 3165 339 3204 unum.
356 3148 380 3208 J.
388 3151 413 3196 F.
422 3150 515 3197 Gronov.

235 3220 270 3261 18.
288 3216 348 3258 Satis
357 3212 451 3274 amplum
457 3214 612 3272 patrimonium
622 3214 742 3273 relinquam
752 3212 775 3256 tn
785 3214 886 3263 memorias
897 3220 988 3263 nominis
1003 3220 1065 3276 mea]

201 3275 260 3323 Non
269 3272 338 3323 debui
349 3272 468 3323 attendere
477 3273 571 3328 fastidio
581 3274 664 3323 Lamb.
676 3274 736 3323 hanc
746 3271 872 3323 tentonem
883 3277 962 3331 tuin.
974 3277 1064 3329 editam

200 3334 342 3391 residentis,
359 3336 414 3386 curn
424 3351 478 3385 earn
489 3336 686 3401 prestarlvideam
702 3332 784 3385 arall.
796 3352 829 3399 pr.
840 3351 893 3388 tert.
905 3343 981 3404 quint.
994 3347 1060 3392 Grut.

202 3411 259 3449 narn
269 3398 350 3458 reliqui
361 3398 421 3456 duo,
437 3405 460 3446 in
470 3405 607 3455 memoriam,
622 3397 679 3446 sicut
690 3396 857 3449 &editionum
872 3406 948 3464 prima
958 3405 1064 3514 'ff'

200 3472 261 3518 nant.
278 3457 364 3526 tulgi„
375 3465 431 3522 saris
441 3466 655 3531 amplmparrmm
665 3462 785 3529 relinquam
794 3469 924 3520 maneriam,
942 3469 965 3516 G
1023 3529 1065 3580 Α

970 3546 1005 3584 19.
