<?xml version="1.0" encoding="UTF-8"?>
<!DOCTYPE html PUBLIC "-//W3C//DTD XHTML 1.0 Transitional//EN"
    "http://www.w3.org/TR/xhtml1/DTD/xhtml1-transitional.dtd">
<html xmlns="http://www.w3.org/1999/xhtml" xml:lang="en" lang="en">
 <head>
  <title>
</title>
<meta http-equiv="Content-Type" content="text/html;charset=utf-8" />
  <meta name='ocr-system' content='tesseract 3.04.00' />
  <meta name='ocr-capabilities' content='ocr_page ocr_carea ocr_par ocr_line ocrx_word'/>
</head>
<body>
  <div class='ocr_page' id='page_1' title='image "./marcitulliicice06pedigoog_0324.png"; bbox 0 0 2272 4020; ppageno 0'>
   <div class='ocr_carea' id='block_1_1' title="bbox 252 260 930 355">
    <p class='ocr_par' dir='ltr' id='par_1_1' title="bbox 252 260 930 355">
     <span class='ocr_line' id='line_1_1' title="bbox 252 260 930 355; baseline 0.009 -26"><span class='ocrx_word' id='word_1_1' title='bbox 252 261 442 331; x_wconf 72' lang='lat' dir='ltr'>hittun</span> <span class='ocrx_word' id='word_1_2' title='bbox 483 260 728 335; x_wconf 80' lang='lat' dir='ltr'>erros.</span> <span class='ocrx_word' id='word_1_3' title='bbox 871 282 930 355; x_wconf 75' lang='lat'>311</span> 
     </span>
    </p>
   </div>
   <div class='ocr_carea' id='block_1_2' title="bbox 52 375 1076 1221">
    <p class='ocr_par' dir='ltr' id='par_1_2' title="bbox 53 375 930 530">
     <span class='ocr_line' id='line_1_2' title="bbox 53 375 930 455; baseline 0.009 -21"><span class='ocrx_word' id='word_1_4' title='bbox 53 392 124 448; x_wconf 93' lang='lat' dir='ltr'>mo,</span> <span class='ocrx_word' id='word_1_5' title='bbox 144 375 270 438; x_wconf 80' lang='lat' dir='ltr'>familiari</span> <span class='ocrx_word' id='word_1_6' title='bbox 291 394 382 447; x_wconf 88' lang='lat' dir='ltr'>meo,</span> <span class='ocrx_word' id='word_1_7' title='bbox 400 377 547 454; x_wconf 78' lang='lat' dir='ltr'>legatisque</span> <span class='ocrx_word' id='word_1_8' title='bbox 568 378 650 455; x_wconf 88' lang='lat' dir='ltr'>ejus,</span> <span class='ocrx_word' id='word_1_9' title='bbox 670 379 738 439; x_wconf 86' lang='lat' dir='ltr'>item</span> <span class='ocrx_word' id='word_1_10' title='bbox 759 379 828 437; x_wconf 89' lang='lat' dir='ltr'>meis</span> <span class='ocrx_word' id='word_1_11' title='bbox 847 381 930 441; x_wconf 78' lang='lat' dir='ltr'>fami-</span> 
     </span>
     <span class='ocr_line' id='line_1_3' title="bbox 53 451 928 530; baseline 0.008 -20"><span class='ocrx_word' id='word_1_12' title='bbox 53 452 184 524; x_wconf 80' lang='lat' dir='ltr'>liaribus,</span> <span class='ocrx_word' id='word_1_13' title='bbox 204 452 403 530; x_wconf 75' lang='lat' dir='ltr'>diligentiffime</span> <span class='ocrx_word' id='word_1_14' title='bbox 416 466 445 512; x_wconf 88' lang='lat' dir='ltr'>te</span> <span class='ocrx_word' id='word_1_15' title='bbox 465 453 689 524; x_wconf 84' lang='lat' dir='ltr'>commendabo,</span> <span class='ocrx_word' id='word_1_16' title='bbox 707 451 771 513; x_wconf 75' lang='lat' dir='ltr'>clim</span> <span class='ocrx_word' id='word_1_17' title='bbox 792 458 928 517; x_wconf 86' lang='lat' dir='ltr'>venerint.</span> 
     </span>
    </p>

    <p class='ocr_par' dir='ltr' id='par_1_3' title="bbox 53 529 1076 761">
     <span class='ocr_line' id='line_1_4' title="bbox 54 529 1047 605; baseline 0.003 -18"><span class='ocrx_word' id='word_1_18' title='bbox 54 541 134 589; x_wconf 86' lang='lat' dir='ltr'>erant</span> <span class='ocrx_word' id='word_1_19' title='bbox 156 531 232 590; x_wconf 88' lang='lat' dir='ltr'>enim</span> <span class='ocrx_word' id='word_1_20' title='bbox 248 540 364 589; x_wconf 76' lang='lat' dir='ltr'>tomnes</span> <span class='ocrx_word' id='word_1_21' title='bbox 384 530 514 591; x_wconf 69' lang='lat' dir='ltr'>Mutinae.</span> <span class='ocrx_word' id='word_1_22' title='bbox 532 532 585 591; x_wconf 85' lang='lat' dir='ltr'>viri</span> <span class='ocrx_word' id='word_1_23' title='bbox 605 530 666 589; x_wconf 89' lang='lat' dir='ltr'>sunt</span> <span class='ocrx_word' id='word_1_24' title='bbox 687 529 811 605; x_wconf 87' lang='lat' dir='ltr'>oprimi,</span> <span class='ocrx_word' id='word_1_25' title='bbox 837 535 868 593; x_wconf 92' lang='lat'>&amp;</span> <span class='ocrx_word' id='word_1_26' title='bbox 886 535 946 593; x_wconf 86' lang='lat' dir='ltr'>tuit</span> <span class='ocrx_word' id='word_1_27' title='bbox 961 550 1047 590; x_wconf 78' lang='lat' dir='ltr'>omne·</span> 
     </span>
     <span class='ocr_line' id='line_1_5' title="bbox 53 599 1076 682; baseline 0 -19"><span class='ocrx_word' id='word_1_28' title='bbox 53 602 186 666; x_wconf 77' lang='lat' dir='ltr'>similium</span> <span class='ocrx_word' id='word_1_29' title='bbox 206 605 338 677; x_wconf 88' lang='lat' dir='ltr'>studios1‚</span> <span class='ocrx_word' id='word_1_30' title='bbox 365 608 396 666; x_wconf 90' lang='lat'>&amp;</span> <span class='ocrx_word' id='word_1_31' title='bbox 424 607 482 667; x_wconf 90' lang='lat' dir='ltr'>mei</span> <span class='ocrx_word' id='word_1_32' title='bbox 499 604 647 667; x_wconf 82' lang='lat' dir='ltr'>neceffarii.</span> <span class='ocrx_word' id='word_1_33' title='bbox 685 609 762 682; x_wconf 87' lang='lat' dir='ltr'>Quae</span> <span class='ocrx_word' id='word_1_34' title='bbox 787 608 856 669; x_wconf 89' lang='lat' dir='ltr'>mihi</span> <span class='ocrx_word' id='word_1_35' title='bbox 876 599 1076 669; x_wconf 53' lang='lat' dir='ltr'>mestuus,</span> 
     </span>
     <span class='ocr_line' id='line_1_6' title="bbox 53 680 924 761; baseline 0.009 -23"><span class='ocrx_word' id='word_1_36' title='bbox 53 681 134 741; x_wconf 88' lang='lat' dir='ltr'>nient</span> <span class='ocrx_word' id='word_1_37' title='bbox 148 683 178 743; x_wconf 91' lang='lat' dir='ltr'>in</span> <span class='ocrx_word' id='word_1_38' title='bbox 191 694 316 743; x_wconf 85' lang='lat' dir='ltr'>mentem</span> <span class='ocrx_word' id='word_1_39' title='bbox 333 726 342 752; x_wconf 94' lang='lat'>,</span> <span class='ocrx_word' id='word_1_40' title='bbox 361 700 427 761; x_wconf 86' lang='lat' dir='ltr'>quae</span> <span class='ocrx_word' id='word_1_41' title='bbox 447 682 483 743; x_wconf 91' lang='lat' dir='ltr'>ad</span> <span class='ocrx_word' id='word_1_42' title='bbox 501 696 530 742; x_wconf 87' lang='lat' dir='ltr'>te</span> <span class='ocrx_word' id='word_1_43' title='bbox 551 684 687 759; x_wconf 85' lang='lat' dir='ltr'>pertinere</span> <span class='ocrx_word' id='word_1_44' title='bbox 708 680 870 754; x_wconf 87' lang='lat' dir='ltr'>arbitrabor,</span> <span class='ocrx_word' id='word_1_45' title='bbox 890 702 924 746; x_wconf 84' lang='lat' dir='ltr'>ea</span> 
     </span>
    </p>

    <p class='ocr_par' dir='ltr' id='par_1_4' title="bbox 54 757 925 837">
     <span class='ocr_line' id='line_1_7' title="bbox 54 757 925 837; baseline 0.005 -21"><span class='ocrx_word' id='word_1_46' title='bbox 54 774 120 816; x_wconf 84' lang='lat' dir='ltr'>mea</span> <span class='ocrx_word' id='word_1_47' title='bbox 132 757 229 837; x_wconf 89' lang='lat' dir='ltr'>sponte</span> <span class='ocrx_word' id='word_1_48' title='bbox 242 760 351 818; x_wconf 75' lang='lat' dir='ltr'>faciam.</span> <span class='ocrx_word' id='word_1_49' title='bbox 390 760 418 819; x_wconf 88' lang='lat' dir='ltr'>Si</span> <span class='ocrx_word' id='word_1_50' title='bbox 431 760 498 836; x_wconf 90' lang='lat' dir='ltr'>quid</span> <span class='ocrx_word' id='word_1_51' title='bbox 510 761 662 836; x_wconf 83' lang='lat' dir='ltr'>ignorabo,</span> <span class='ocrx_word' id='word_1_52' title='bbox 682 758 717 818; x_wconf 91' lang='lat' dir='ltr'>de</span> <span class='ocrx_word' id='word_1_53' title='bbox 737 775 773 816; x_wconf 90' lang='lat' dir='ltr'>eo</span> <span class='ocrx_word' id='word_1_54' title='bbox 796 758 925 820; x_wconf 89' lang='lat' dir='ltr'>admoni-</span> 
     </span>
    </p>

    <p class='ocr_par' dir='ltr' id='par_1_5' title="bbox 52 834 923 915">
     <span class='ocr_line' id='line_1_8' title="bbox 52 834 923 915; baseline 0.001 -20"><span class='ocrx_word' id='word_1_55' title='bbox 52 844 121 907; x_wconf 68' lang='lat' dir='ltr'>tus,</span> <span class='ocrx_word' id='word_1_56' title='bbox 142 837 272 897; x_wconf 86' lang='lat' dir='ltr'>omnium</span> <span class='ocrx_word' id='word_1_57' title='bbox 298 835 383 897; x_wconf 88' lang='lat' dir='ltr'>studia</span> <span class='ocrx_word' id='word_1_58' title='bbox 406 837 526 895; x_wconf 86' lang='lat' dir='ltr'>vincam.</span> <span class='ocrx_word' id='word_1_59' title='bbox 564 836 626 911; x_wconf 86' lang='lat' dir='ltr'>Ego</span> <span class='ocrx_word' id='word_1_60' title='bbox 649 834 697 893; x_wconf 85' lang='lat' dir='ltr'>erfi</span> <span class='ocrx_word' id='word_1_61' title='bbox 725 852 819 894; x_wconf 86' lang='lat' dir='ltr'>coram</span> <span class='ocrx_word' id='word_1_62' title='bbox 842 836 876 915; x_wconf 76' lang='lat' dir='ltr'>de</span> <span class='ocrx_word' id='word_1_63' title='bbox 895 848 923 896; x_wconf 87' lang='lat' dir='ltr'>te</span> 
     </span>
    </p>

    <p class='ocr_par' dir='ltr' id='par_1_6' title="bbox 54 911 922 989">
     <span class='ocr_line' id='line_1_9' title="bbox 54 911 922 989; baseline 0.005 -20"><span class='ocrx_word' id='word_1_64' title='bbox 54 926 121 969; x_wconf 86' lang='lat' dir='ltr'>cum</span> <span class='ocrx_word' id='word_1_65' title='bbox 136 913 258 973; x_wconf 86' lang='lat' dir='ltr'><strong>Furfano</strong></span> <span class='ocrx_word' id='word_1_66' title='bbox 278 913 315 971; x_wconf 89' lang='lat' dir='ltr'>ita</span> <span class='ocrx_word' id='word_1_67' title='bbox 333 913 456 989; x_wconf 89' lang='lat' dir='ltr'>loquar,</span> <span class='ocrx_word' id='word_1_68' title='bbox 480 924 513 972; x_wconf 93' lang='lat' dir='ltr'>ut</span> <span class='ocrx_word' id='word_1_69' title='bbox 530 912 581 971; x_wconf 86' lang='lat' dir='ltr'>tibi</span> <span class='ocrx_word' id='word_1_70' title='bbox 600 911 693 971; x_wconf 82' lang='lat' dir='ltr'>litteris</span> <span class='ocrx_word' id='word_1_71' title='bbox 714 911 782 969; x_wconf 87' lang='lat' dir='ltr'>meis</span> <span class='ocrx_word' id='word_1_72' title='bbox 802 912 922 974; x_wconf 87' lang='lat' dir='ltr'>adeum</span> 
     </span>
    </p>

    <p class='ocr_par' dir='ltr' id='par_1_7' title="bbox 52 987 1072 1221">
     <span class='ocr_line' id='line_1_10' title="bbox 53 987 1006 1125; baseline 0.001 -78"><span class='ocrx_word' id='word_1_73' title='bbox 53 987 122 1047; x_wconf 88' lang='lat' dir='ltr'>nihil</span> <span class='ocrx_word' id='word_1_74' title='bbox 136 1006 206 1077; x_wconf 83' lang='lat' dir='ltr'>opus</span> <span class='ocrx_word' id='word_1_75' title='bbox 219 987 273 1047; x_wconf 89' lang='lat' dir='ltr'>fit:</span> <span class='ocrx_word' id='word_1_76' title='bbox 292 1000 409 1058; x_wconf 85' lang='lat' dir='ltr'>tamen,</span> <span class='ocrx_word' id='word_1_77' title='bbox 429 1002 538 1125; x_wconf 34' lang='lat' dir='ltr'>Equum</span> <span class='ocrx_word' id='word_1_78' title='bbox 558 989 610 1046; x_wconf 88' lang='lat' dir='ltr'>tuis</span> <span class='ocrx_word' id='word_1_79' title='bbox 630 987 755 1064; x_wconf 92' lang='lat' dir='ltr'>placuit,</span> <span class='ocrx_word' id='word_1_80' title='bbox 773 997 801 1044; x_wconf 90' lang='lat' dir='ltr'>tc</span> <span class='ocrx_word' id='word_1_81' title='bbox 822 989 947 1048; x_wconf 80' lang='lat' dir='ltr'>haberev</span> <span class='ocrx_word' id='word_1_82' title='bbox 961 992 1006 1065; x_wconf 63' lang='lat' dir='ltr'>alif·</span> 
     </span>
     <span class='ocr_line' id='line_1_11' title="bbox 53 1062 1053 1142; baseline 0.007 -21"><span class='ocrx_word' id='word_1_83' title='bbox 53 1080 130 1122; x_wconf 85' lang='lat' dir='ltr'>meas</span> <span class='ocrx_word' id='word_1_84' title='bbox 142 1065 259 1135; x_wconf 80' lang='lat' dir='ltr'>htteras,</span> <span class='ocrx_word' id='word_1_85' title='bbox 277 1082 344 1142; x_wconf 82' lang='lat' dir='ltr'>quas</span> <span class='ocrx_word' id='word_1_86' title='bbox 356 1065 383 1125; x_wconf 85' lang='lat' dir='ltr'>ei</span> <span class='ocrx_word' id='word_1_87' title='bbox 395 1065 444 1124; x_wconf 88' lang='lat' dir='ltr'>red</span> <span class='ocrx_word' id='word_1_88' title='bbox 463 1084 537 1135; x_wconf 85' lang='lat' dir='ltr'>eres,</span> <span class='ocrx_word' id='word_1_89' title='bbox 556 1082 667 1123; x_wconf 88' lang='lat' dir='ltr'>morem</span> <span class='ocrx_word' id='word_1_90' title='bbox 679 1064 721 1122; x_wconf 84' lang='lat' dir='ltr'>his</span> <span class='ocrx_word' id='word_1_91' title='bbox 733 1062 807 1141; x_wconf 82' lang='lat' dir='ltr'>gelli</span> <span class='ocrx_word' id='word_1_92' title='bbox 825 1083 921 1129; x_wconf 82' lang='lat' dir='ltr'>earum</span> <span class='ocrx_word' id='word_1_93' title='bbox 931 1065 1053 1115; x_wconf 60' lang='lat' dir='ltr'>‘imm</span> 
     </span>
     <span class='ocr_line' id='line_1_12' title="bbox 52 1138 1072 1221; baseline -0.003 -18"><span class='ocrx_word' id='word_1_94' title='bbox 52 1138 205 1205; x_wconf 84' lang='lat' dir='ltr'>litterarum</span> <span class='ocrx_word' id='word_1_95' title='bbox 219 1141 605 1221; x_wconf 74' lang='lat' dir='ltr'>exempluminfflscriptum</span> <span class='ocrx_word' id='word_1_96' title='bbox 619 1141 665 1200; x_wconf 90' lang='lat' dir='ltr'>est.</span> <span class='ocrx_word' id='word_1_97' title='bbox 932 1148 1072 1191; x_wconf 60' lang='lat' dir='ltr'>mmm·</span> 
     </span>
    </p>
   </div>
   <div class='ocr_carea' id='block_1_3' title="bbox 319 1304 654 1356">
    <p class='ocr_par' dir='ltr' id='par_1_8' title="bbox 319 1304 654 1356">
     <span class='ocr_line' id='line_1_13' title="bbox 319 1304 654 1356; baseline -0.018 -2"><span class='ocrx_word' id='word_1_98' title='bbox 319 1306 578 1356; x_wconf 65' lang='lat' dir='ltr'>EPISTOLA</span> <span class='ocrx_word' id='word_1_99' title='bbox 609 1304 654 1353; x_wconf 83' lang='lat' dir='ltr'>lx.</span> 
     </span>
    </p>
   </div>
   <div class='ocr_carea' id='block_1_4' title="bbox 52 1427 1008 1623">
    <p class='ocr_par' dir='ltr' id='par_1_9' title="bbox 52 1427 1008 1623">
     <span class='ocr_line' id='line_1_14' title="bbox 85 1427 922 1502; baseline 0 -23"><span class='ocrx_word' id='word_1_100' title='bbox 85 1432 177 1483; x_wconf 75' lang='lat' dir='ltr'>Auo.</span> <span class='ocrx_word' id='word_1_101' title='bbox 208 1431 285 1478; x_wconf 66' lang='lat' dir='ltr'>numu</span> <span class='ocrx_word' id='word_1_102' title='bbox 295 1430 325 1491; x_wconf 74' lang='lat' dir='ltr'>est</span> <span class='ocrx_word' id='word_1_103' title='bbox 333 1427 437 1493; x_wconf 74' lang='lat' dir='ltr'>epistola,</span> <span class='ocrx_word' id='word_1_104' title='bbox 448 1430 488 1490; x_wconf 78' lang='lat' dir='ltr'>sed</span> <span class='ocrx_word' id='word_1_105' title='bbox 571 1445 592 1502; x_wconf 31' lang='lat' dir='ltr'>‘u</span> <span class='ocrx_word' id='word_1_106' title='bbox 601 1428 785 1501; x_wconf 59' lang='lat' dir='ltr'>“mandurium</span> <span class='ocrx_word' id='word_1_107' title='bbox 795 1434 922 1494; x_wconf 61' lang='lat' dir='ltr'>amplum.</span> 
     </span>
     <span class='ocr_line' id='line_1_15' title="bbox 52 1489 1008 1623; baseline 0.002 -82"><span class='ocrx_word' id='word_1_108' title='bbox 52 1495 319 1623; x_wconf 43' lang='lat' dir='ltr'>[afflfficffililds]</span> <span class='ocrx_word' id='word_1_109' title='bbox 327 1498 402 1607; x_wconf 55' lang='lat' dir='ltr'>llblic</span> <span class='ocrx_word' id='word_1_110' title='bbox 417 1507 489 1560; x_wconf 78' lang='lat' dir='ltr'>praeoc</span> <span class='ocrx_word' id='word_1_111' title='bbox 516 1489 640 1558; x_wconf 77' lang='lat' dir='ltr'>teprstola</span> <span class='ocrx_word' id='word_1_112' title='bbox 654 1504 764 1589; x_wconf 74' lang='lat' dir='ltr'>proxime</span> <span class='ocrx_word' id='word_1_113' title='bbox 778 1493 923 1560; x_wconf 67' lang='lat' dir='ltr'>praedem,</span> <span class='ocrx_word' id='word_1_114' title='bbox 1004 1534 1008 1543; x_wconf 94' lang='lat'><em>.</em></span> 
     </span>
    </p>
   </div>
   <div class='ocr_carea' id='block_1_5' title="bbox 55 1692 929 1989">
    <p class='ocr_par' dir='ltr' id='par_1_10' title="bbox 55 1692 929 1989">
     <span class='ocr_line' id='line_1_16' title="bbox 132 1692 847 1757; baseline -0.003 0"><span class='ocrx_word' id='word_1_115' title='bbox 132 1696 177 1757; x_wconf 85' lang='lat' dir='ltr'>M.</span> <span class='ocrx_word' id='word_1_116' title='bbox 196 1696 234 1757; x_wconf 88' lang='lat' dir='ltr'>T.</span> <span class='ocrx_word' id='word_1_117' title='bbox 255 1697 288 1755; x_wconf 88' lang='lat' dir='ltr'>C.</span> <span class='ocrx_word' id='word_1_118' title='bbox 307 1692 346 1755; x_wconf 90' lang='lat' dir='ltr'>T.</span> <span class='ocrx_word' id='word_1_119' title='bbox 364 1695 553 1755; x_wconf 86' lang='lat' dir='ltr'><strong>FURFANO</strong></span> <span class='ocrx_word' id='word_1_120' title='bbox 572 1695 735 1757; x_wconf 87' lang='lat' dir='ltr'><strong>PROCOS.</strong></span> <span class='ocrx_word' id='word_1_121' title='bbox 764 1695 790 1756; x_wconf 86' lang='lat' dir='ltr'>S.</span> <span class='ocrx_word' id='word_1_122' title='bbox 809 1696 847 1757; x_wconf 91' lang='lat' dir='ltr'>D.</span> 
     </span>
     <span class='ocr_line' id='line_1_17' title="bbox 55 1832 929 1989; baseline 0.005 -96"><span class='ocrx_word' id='word_1_123' title='bbox 55 1836 181 1989; x_wconf 49' lang='lat' dir='ltr'>Cilic</span> <span class='ocrx_word' id='word_1_124' title='bbox 190 1835 226 1893; x_wconf 89' lang='lat' dir='ltr'>A.</span> <span class='ocrx_word' id='word_1_125' title='bbox 241 1836 355 1895; x_wconf 88' lang='lat' dir='ltr'>Caecina</span> <span class='ocrx_word' id='word_1_126' title='bbox 375 1845 449 1895; x_wconf 81' lang='lat' dir='ltr'>tanta</span> <span class='ocrx_word' id='word_1_127' title='bbox 470 1834 540 1893; x_wconf 90' lang='lat' dir='ltr'>mihi</span> <span class='ocrx_word' id='word_1_128' title='bbox 559 1832 723 1893; x_wconf 80' lang='lat' dir='ltr'>familiaritas</span> <span class='ocrx_word' id='word_1_129' title='bbox 743 1835 929 1897; x_wconf 89' lang='lat' dir='ltr'>consuetudo·</span> 
     </span>
    </p>
   </div>
   <div class='ocr_carea' id='block_1_6' title="bbox 54 1907 927 2751">
    <p class='ocr_par' dir='ltr' id='par_1_11' title="bbox 201 1907 923 1988">
     <span class='ocr_line' id='line_1_18' title="bbox 201 1907 923 1988; baseline 0.004 -19"><span class='ocrx_word' id='word_1_130' title='bbox 201 1911 306 1988; x_wconf 83' lang='lat' dir='ltr'>semper</span> <span class='ocrx_word' id='word_1_131' title='bbox 328 1912 397 1981; x_wconf 88' lang='lat' dir='ltr'>fuit,</span> <span class='ocrx_word' id='word_1_132' title='bbox 416 1922 447 1973; x_wconf 93' lang='lat' dir='ltr'>ut</span> <span class='ocrx_word' id='word_1_133' title='bbox 467 1910 540 1968; x_wconf 88' lang='lat' dir='ltr'>nulla</span> <span class='ocrx_word' id='word_1_134' title='bbox 561 1910 650 1968; x_wconf 86' lang='lat' dir='ltr'>ma&#39;or</span> <span class='ocrx_word' id='word_1_135' title='bbox 671 1907 725 1968; x_wconf 82' lang='lat' dir='ltr'>effe</span> <span class='ocrx_word' id='word_1_136' title='bbox 740 1910 828 1985; x_wconf 86' lang='lat' dir='ltr'>poffit.</span> <span class='ocrx_word' id='word_1_137' title='bbox 847 1914 923 1973; x_wconf 85' lang='lat' dir='ltr'>Nam</span> 
     </span>
    </p>

    <p class='ocr_par' dir='ltr' id='par_1_12' title="bbox 54 1928 927 2751">
     <span class='ocr_line' id='line_1_19' title="bbox 56 1928 923 2065; baseline 0.001 -19"><span class='ocrx_word' id='word_1_138' title='bbox 56 1987 88 2046; x_wconf 78' lang='grc' dir='ltr'>δι</span> <span class='ocrx_word' id='word_1_139' title='bbox 100 2001 176 2063; x_wconf 82' lang='lat' dir='ltr'>patre</span> <span class='ocrx_word' id='word_1_140' title='bbox 192 1989 273 2065; x_wconf 82' lang='lat' dir='ltr'>ejus,</span> <span class='ocrx_word' id='word_1_141' title='bbox 301 1988 374 2046; x_wconf 90' lang='lat' dir='ltr'>claro</span> <span class='ocrx_word' id='word_1_142' title='bbox 394 1988 510 2046; x_wconf 88' lang='lat' dir='ltr'>homine</span> <span class='ocrx_word' id='word_1_143' title='bbox 543 1987 572 2045; x_wconf 94' lang='lat'>&amp;</span> <span class='ocrx_word' id='word_1_144' title='bbox 596 1928 662 2045; x_wconf 65' lang='lat' dir='ltr'>forti</span> <span class='ocrx_word' id='word_1_145' title='bbox 675 1987 754 2054; x_wconf 86' lang='lat' dir='ltr'>viro,</span> <span class='ocrx_word' id='word_1_146' title='bbox 773 1987 923 2062; x_wconf 76' lang='lat' dir='ltr'>plurimum</span> 
     </span>
     <span class='ocr_line' id='line_1_20' title="bbox 55 2061 923 2140; baseline 0.003 -18"><span class='ocrx_word' id='word_1_147' title='bbox 55 2062 97 2130; x_wconf 84' lang='lat' dir='ltr'>ufi</span> <span class='ocrx_word' id='word_1_148' title='bbox 116 2064 222 2123; x_wconf 82' lang='lat' dir='ltr'>sumus:</span> <span class='ocrx_word' id='word_1_149' title='bbox 244 2066 274 2125; x_wconf 71' lang='grc' dir='ltr'>ὃ(</span> <span class='ocrx_word' id='word_1_150' title='bbox 286 2065 361 2123; x_wconf 88' lang='lat' dir='ltr'>hunc</span> <span class='ocrx_word' id='word_1_151' title='bbox 374 2062 391 2121; x_wconf 75' lang='lat' dir='ltr'>a</span> <span class='ocrx_word' id='word_1_152' title='bbox 405 2080 491 2140; x_wconf 90' lang='lat' dir='ltr'>puero</span> <span class='ocrx_word' id='word_1_153' title='bbox 506 2105 516 2132; x_wconf 91' lang='lat'>‚</span> <span class='ocrx_word' id='word_1_154' title='bbox 533 2061 614 2138; x_wconf 85' lang='lat' dir='ltr'>quod</span> <span class='ocrx_word' id='word_1_155' title='bbox 634 2062 664 2119; x_wconf 72' lang='grc' dir='ltr'>ὅτ</span> <span class='ocrx_word' id='word_1_156' title='bbox 689 2061 764 2136; x_wconf 86' lang='lat' dir='ltr'>spem</span> <span class='ocrx_word' id='word_1_157' title='bbox 793 2081 923 2139; x_wconf 80' lang='lat' dir='ltr'>magnam</span> 
     </span>
     <span class='ocr_line' id='line_1_21' title="bbox 55 2138 923 2215; baseline 0 -16"><span class='ocrx_word' id='word_1_158' title='bbox 55 2140 127 2200; x_wconf 89' lang='lat' dir='ltr'>mihi</span> <span class='ocrx_word' id='word_1_159' title='bbox 147 2140 275 2200; x_wconf 86' lang='lat' dir='ltr'>afferebat</span> <span class='ocrx_word' id='word_1_160' title='bbox 298 2140 414 2198; x_wconf 87' lang='lat' dir='ltr'>summae</span> <span class='ocrx_word' id='word_1_161' title='bbox 428 2139 583 2215; x_wconf 84' lang='lat' dir='ltr'>probitatis,</span> <span class='ocrx_word' id='word_1_162' title='bbox 602 2138 774 2215; x_wconf 81' lang='lat' dir='ltr'>summaeque</span> <span class='ocrx_word' id='word_1_163' title='bbox 788 2140 833 2198; x_wconf 91' lang='lat' dir='ltr'>elo</span> <span class='ocrx_word' id='word_1_164' title='bbox 854 2158 923 2199; x_wconf 65' lang='lat' dir='ltr'>uen«</span> 
     </span>
     <span class='ocr_line' id='line_1_22' title="bbox 54 2159 923 2290; baseline -0.001 -13"><span class='ocrx_word' id='word_1_165' title='bbox 54 2216 103 2277; x_wconf 81' lang='lat' dir='ltr'>tiae</span> <span class='ocrx_word' id='word_1_166' title='bbox 126 2260 135 2287; x_wconf 94' lang='lat'>,</span> <span class='ocrx_word' id='word_1_167' title='bbox 156 2208 315 2276; x_wconf 86' lang='lat' dir='ltr'>&amp;vivebat</span> <span class='ocrx_word' id='word_1_168' title='bbox 343 2234 456 2277; x_wconf 89' lang='lat' dir='ltr'>mecum</span> <span class='ocrx_word' id='word_1_169' title='bbox 488 2213 730 2290; x_wconf 74' lang='lat' dir='ltr'>conjuntriffime,</span> <span class='ocrx_word' id='word_1_170' title='bbox 750 2232 809 2274; x_wconf 89' lang='lat' dir='ltr'>non</span> <span class='ocrx_word' id='word_1_171' title='bbox 834 2159 923 2277; x_wconf 78' lang='lat' dir='ltr'>iolbm</span> 
     </span>
     <span class='ocr_line' id='line_1_23' title="bbox 56 2290 924 2363; baseline 0.002 -13"><span class='ocrx_word' id='word_1_172' title='bbox 56 2292 155 2351; x_wconf 85' lang='lat' dir='ltr'>officiis</span> <span class='ocrx_word' id='word_1_173' title='bbox 176 2293 328 2362; x_wconf 83' lang='lat' dir='ltr'>amicitiae,</span> <span class='ocrx_word' id='word_1_174' title='bbox 361 2292 406 2352; x_wconf 91' lang='lat' dir='ltr'>sed</span> <span class='ocrx_word' id='word_1_175' title='bbox 426 2293 509 2355; x_wconf 88' lang='lat' dir='ltr'>etiam</span> <span class='ocrx_word' id='word_1_176' title='bbox 534 2290 625 2350; x_wconf 85' lang='lat' dir='ltr'>studiis</span> <span class='ocrx_word' id='word_1_177' title='bbox 645 2292 924 2363; x_wconf 71' lang='lat' dir='ltr'>communibuu,s1c</span> 
     </span>
     <span class='ocr_line' id='line_1_24' title="bbox 55 2367 923 2457; baseline 0.005 -31"><span class='ocrx_word' id='word_1_178' title='bbox 55 2367 164 2444; x_wconf 90' lang='lat' dir='ltr'>semper</span> <span class='ocrx_word' id='word_1_179' title='bbox 184 2369 289 2438; x_wconf 81' lang='lat' dir='ltr'>dilexi,</span> <span class='ocrx_word' id='word_1_180' title='bbox 322 2381 431 2429; x_wconf 91' lang='lat' dir='ltr'>utnon</span> <span class='ocrx_word' id='word_1_181' title='bbox 450 2368 508 2426; x_wconf 93' lang='lat' dir='ltr'>ullo</span> <span class='ocrx_word' id='word_1_182' title='bbox 527 2386 593 2425; x_wconf 89' lang='lat' dir='ltr'>cum</span> <span class='ocrx_word' id='word_1_183' title='bbox 613 2368 729 2429; x_wconf 91' lang='lat' dir='ltr'>homine</span> <span class='ocrx_word' id='word_1_184' title='bbox 750 2369 923 2457; x_wconf 68' lang='lat' dir='ltr'>conjunctius</span> 
     </span>
     <span class='ocr_line' id='line_1_25' title="bbox 54 2443 924 2520; baseline 0.005 -19"><span class='ocrx_word' id='word_1_185' title='bbox 54 2445 190 2503; x_wconf 85' lang='lat' dir='ltr'>viverem.</span> <span class='ocrx_word' id='word_1_186' title='bbox 230 2445 257 2499; x_wconf 77' lang='lat'>5⁸</span> <span class='ocrx_word' id='word_1_187' title='bbox 266 2446 342 2505; x_wconf 91' lang='lat' dir='ltr'>Nihil</span> <span class='ocrx_word' id='word_1_188' title='bbox 354 2448 451 2506; x_wconf 87' lang='lat' dir='ltr'>attinet</span> <span class='ocrx_word' id='word_1_189' title='bbox 464 2462 511 2507; x_wconf 89' lang='lat' dir='ltr'>mc</span> <span class='ocrx_word' id='word_1_190' title='bbox 524 2445 600 2520; x_wconf 87' lang='lat' dir='ltr'>plura</span> <span class='ocrx_word' id='word_1_191' title='bbox 612 2443 733 2503; x_wconf 86' lang='lat' dir='ltr'>scribere.</span> <span class='ocrx_word' id='word_1_192' title='bbox 760 2461 846 2520; x_wconf 89' lang='lat' dir='ltr'>quam</span> <span class='ocrx_word' id='word_1_193' title='bbox 868 2448 924 2505; x_wconf 90' lang='lat' dir='ltr'>mi·</span> 
     </span>
     <span class='ocr_line' id='line_1_26' title="bbox 55 2519 924 2598; baseline 0.003 -19"><span class='ocrx_word' id='word_1_194' title='bbox 55 2520 87 2578; x_wconf 92' lang='lat' dir='ltr'>hi</span> <span class='ocrx_word' id='word_1_195' title='bbox 106 2519 213 2579; x_wconf 73' lang='lat' dir='ltr'>necesse</span> <span class='ocrx_word' id='word_1_196' title='bbox 234 2521 272 2585; x_wconf 86' lang='lat' dir='ltr'>est</span> <span class='ocrx_word' id='word_1_197' title='bbox 287 2523 344 2598; x_wconf 84' lang='lat' dir='ltr'>ejus</span> <span class='ocrx_word' id='word_1_198' title='bbox 364 2523 499 2589; x_wconf 83' lang='lat' dir='ltr'>salutem,</span> <span class='ocrx_word' id='word_1_199' title='bbox 526 2523 557 2579; x_wconf 91' lang='lat'>&amp;</span> <span class='ocrx_word' id='word_1_200' title='bbox 577 2522 723 2589; x_wconf 84' lang='lat' dir='ltr'>fortunas,</span> <span class='ocrx_word' id='word_1_201' title='bbox 749 2520 924 2595; x_wconf 81' lang='lat' dir='ltr'>quibtrsotm-</span> 
     </span>
     <span class='ocr_line' id='line_1_27' title="bbox 55 2595 925 2681; baseline 0 -22"><span class='ocrx_word' id='word_1_202' title='bbox 55 2613 113 2681; x_wconf 85' lang='lat' dir='ltr'>que</span> <span class='ocrx_word' id='word_1_203' title='bbox 133 2598 210 2657; x_wconf 90' lang='lat' dir='ltr'>rebus</span> <span class='ocrx_word' id='word_1_204' title='bbox 224 2598 347 2675; x_wconf 68' lang='lat' dir='ltr'>polim,</span> <span class='ocrx_word' id='word_1_205' title='bbox 366 2600 452 2667; x_wconf 89' lang='lat' dir='ltr'>tueri,</span> <span class='ocrx_word' id='word_1_206' title='bbox 472 2595 556 2658; x_wconf 82' lang='lat' dir='ltr'>vides.</span> <span class='ocrx_word' id='word_1_207' title='bbox 575 2596 711 2678; x_wconf 86' lang='lat' dir='ltr'>reliquum</span> <span class='ocrx_word' id='word_1_208' title='bbox 724 2595 778 2665; x_wconf 81' lang='lat' dir='ltr'>cll,</span> <span class='ocrx_word' id='word_1_209' title='bbox 798 2609 845 2665; x_wconf 90' lang='lat' dir='ltr'>ut,</span> <span class='ocrx_word' id='word_1_210' title='bbox 860 2599 925 2659; x_wconf 77' lang='lat' dir='ltr'>clim</span> 
     </span>
     <span class='ocr_line' id='line_1_28' title="bbox 797 2685 927 2751; baseline 0.038 -21"><span class='ocrx_word' id='word_1_211' title='bbox 797 2685 927 2751; x_wconf 85' lang='lat' dir='ltr'>¹cogn0·</span> 
     </span>
    </p>
   </div>
   <div class='ocr_carea' id='block_1_7' title="bbox 53 2824 927 3649">
    <p class='ocr_par' dir='ltr' id='par_1_13' title="bbox 53 2824 927 3649">
     <span class='ocr_line' id='line_1_29' title="bbox 55 2824 924 2891; baseline 0.003 -15"><span class='ocrx_word' id='word_1_212' title='bbox 55 2824 181 2885; x_wconf 70' lang='lat' dir='ltr'>nottsfimt,</span> <span class='ocrx_word' id='word_1_213' title='bbox 201 2825 261 2875; x_wconf 86' lang='lat' dir='ltr'>adde</span> <span class='ocrx_word' id='word_1_214' title='bbox 275 2826 341 2891; x_wconf 80' lang='lat' dir='ltr'>quod</span> <span class='ocrx_word' id='word_1_215' title='bbox 356 2826 464 2886; x_wconf 78' lang='lat' dir='ltr'>Furfanus</span> <span class='ocrx_word' id='word_1_216' title='bbox 480 2827 611 2891; x_wconf 76' lang='lat' dir='ltr'>appellatur</span> <span class='ocrx_word' id='word_1_217' title='bbox 626 2842 661 2891; x_wconf 84' lang='lat' dir='ltr'>ep.</span> <span class='ocrx_word' id='word_1_218' title='bbox 671 2843 706 2882; x_wconf 74' lang='grc' dir='ltr'>ις.</span> <span class='ocrx_word' id='word_1_219' title='bbox 724 2825 924 2879; x_wconf 80' lang='lat' dir='ltr'>adAtt.lib.v11.</span> 
     </span>
     <span class='ocr_line' id='line_1_30' title="bbox 55 2886 925 2954; baseline 0.002 -17"><span class='ocrx_word' id='word_1_220' title='bbox 55 2892 178 2939; x_wconf 82' lang='lat' dir='ltr'>P.Manur.</span> <span class='ocrx_word' id='word_1_221' title='bbox 211 2889 330 2939; x_wconf 82' lang='lat' dir='ltr'>lsvidetut</span> <span class='ocrx_word' id='word_1_222' title='bbox 343 2890 438 2939; x_wconf 81' lang='lat' dir='ltr'>Allieno</span> <span class='ocrx_word' id='word_1_223' title='bbox 454 2886 597 2946; x_wconf 82' lang='lat' dir='ltr'>succeffiffe,</span> <span class='ocrx_word' id='word_1_224' title='bbox 614 2892 654 2954; x_wconf 91' lang='lat' dir='ltr'>qui</span> <span class='ocrx_word' id='word_1_225' title='bbox 664 2903 713 2937; x_wconf 89' lang='lat' dir='ltr'>tem</span> <span class='ocrx_word' id='word_1_226' title='bbox 731 2904 773 2938; x_wconf 88' lang='lat' dir='ltr'>ore</span> <span class='ocrx_word' id='word_1_227' title='bbox 787 2889 845 2938; x_wconf 87' lang='lat' dir='ltr'>belli</span> <span class='ocrx_word' id='word_1_228' title='bbox 861 2889 925 2939; x_wconf 79' lang='lat' dir='ltr'>Afri-</span> 
     </span>
     <span class='ocr_line' id='line_1_31' title="bbox 56 2905 925 3016; baseline 0 -14"><span class='ocrx_word' id='word_1_229' title='bbox 56 2953 111 3002; x_wconf 84' lang='lat' dir='ltr'>cani</span> <span class='ocrx_word' id='word_1_230' title='bbox 124 2957 208 3001; x_wconf 79' lang='lat' dir='ltr'>Praetor</span> <span class='ocrx_word' id='word_1_231' title='bbox 218 2954 243 3000; x_wconf 90' lang='lat' dir='ltr'>in</span> <span class='ocrx_word' id='word_1_232' title='bbox 253 2954 329 3001; x_wconf 85' lang='lat' dir='ltr'>Sicilia</span> <span class='ocrx_word' id='word_1_233' title='bbox 339 2951 390 3001; x_wconf 87' lang='lat' dir='ltr'>fuit.</span> <span class='ocrx_word' id='word_1_234' title='bbox 409 2954 495 3005; x_wconf 70' lang='lat' dir='ltr'>carrad.</span> <span class='ocrx_word' id='word_1_235' title='bbox 528 2953 633 3011; x_wconf 80' lang='lat' dir='ltr'>Furfanio</span> <span class='ocrx_word' id='word_1_236' title='bbox 644 2905 772 3016; x_wconf 71' lang='lat' dir='ltr'>legenltun</span> <span class='ocrx_word' id='word_1_237' title='bbox 782 2952 820 3001; x_wconf 80' lang='lat' dir='ltr'>bic</span> <span class='ocrx_word' id='word_1_238' title='bbox 832 2948 925 3008; x_wconf 81' lang='lat' dir='ltr'>cffe‚&amp;</span> 
     </span>
     <span class='ocr_line' id='line_1_32' title="bbox 56 3011 925 3089; baseline -0.003 -25"><span class='ocrx_word' id='word_1_239' title='bbox 56 3017 82 3064; x_wconf 89' lang='lat' dir='ltr'>in</span> <span class='ocrx_word' id='word_1_240' title='bbox 93 3015 192 3078; x_wconf 81' lang='lat' dir='ltr'>epistola</span> <span class='ocrx_word' id='word_1_241' title='bbox 203 3030 253 3089; x_wconf 78' lang='lat' dir='ltr'>quo:</span> <span class='ocrx_word' id='word_1_242' title='bbox 263 3018 372 3081; x_wconf 86' lang='lat' dir='ltr'>proxime</span> <span class='ocrx_word' id='word_1_243' title='bbox 382 3011 495 3079; x_wconf 85' lang='lat' dir='ltr'>sequitur,</span> <span class='ocrx_word' id='word_1_244' title='bbox 511 3014 601 3062; x_wconf 83' lang='lat' dir='ltr'>constat</span> <span class='ocrx_word' id='word_1_245' title='bbox 612 3030 666 3063; x_wconf 86' lang='lat' dir='ltr'>cum</span> <span class='ocrx_word' id='word_1_246' title='bbox 677 3031 706 3062; x_wconf 82' lang='lat' dir='ltr'>ex</span> <span class='ocrx_word' id='word_1_247' title='bbox 720 3014 834 3064; x_wconf 83' lang='lat' dir='ltr'>veteribus</span> <span class='ocrx_word' id='word_1_248' title='bbox 846 3014 925 3071; x_wconf 76' lang='lat' dir='ltr'>libris,</span> 
     </span>
     <span class='ocr_line' id='line_1_33' title="bbox 55 3077 925 3151; baseline -0.002 -24"><span class='ocrx_word' id='word_1_249' title='bbox 55 3090 109 3127; x_wconf 87' lang='lat' dir='ltr'>tum</span> <span class='ocrx_word' id='word_1_250' title='bbox 120 3094 149 3127; x_wconf 84' lang='lat' dir='ltr'>ex</span> <span class='ocrx_word' id='word_1_251' title='bbox 159 3078 204 3129; x_wconf 86' lang='lat' dir='ltr'>hac</span> <span class='ocrx_word' id='word_1_252' title='bbox 215 3077 379 3145; x_wconf 77' lang='lat' dir='ltr'>micriptiono,</span> <span class='ocrx_word' id='word_1_253' title='bbox 395 3092 446 3142; x_wconf 83' lang='lat' dir='ltr'>quae</span> <span class='ocrx_word' id='word_1_254' title='bbox 457 3082 542 3125; x_wconf 75' lang='lat' dir='ltr'>Roma</span> <span class='ocrx_word' id='word_1_255' title='bbox 552 3090 642 3141; x_wconf 79' lang='lat' dir='ltr'>reperta</span> <span class='ocrx_word' id='word_1_256' title='bbox 651 3077 685 3130; x_wconf 81' lang='lat' dir='ltr'>est</span> <span class='ocrx_word' id='word_1_257' title='bbox 695 3077 724 3127; x_wconf 86' lang='lat' dir='ltr'>ad</span> <span class='ocrx_word' id='word_1_258' title='bbox 736 3092 832 3151; x_wconf 75' lang='lat' dir='ltr'>portam</span> <span class='ocrx_word' id='word_1_259' title='bbox 847 3080 925 3145; x_wconf 82' lang='lat' dir='ltr'>Cupe-</span> 
     </span>
     <span class='ocr_line' id='line_1_34' title="bbox 57 3156 134 3199; baseline 0.026 -2"><span class='ocrx_word' id='word_1_260' title='bbox 57 3156 134 3199; x_wconf 60' lang='lat' dir='ltr'>namn</span> 
     </span>
     <span class='ocr_line' id='line_1_35' title="bbox 307 3206 674 3269; baseline 0.008 -15"><span class='ocrx_word' id='word_1_261' title='bbox 307 3210 340 3269; x_wconf 72' lang='lat' dir='ltr'>o.</span> <span class='ocrx_word' id='word_1_262' title='bbox 360 3206 577 3255; x_wconf 76' lang='lat' dir='ltr'>uunanuro.</span> <span class='ocrx_word' id='word_1_263' title='bbox 601 3207 630 3253; x_wconf 91' lang='lat' dir='ltr'>c.</span> <span class='ocrx_word' id='word_1_264' title='bbox 648 3207 674 3257; x_wconf 68' lang='grc' dir='ltr'>Ε.</span> 
     </span>
     <span class='ocr_line' id='line_1_36' title="bbox 404 3270 672 3319; baseline 0.015 -4"><span class='ocrx_word' id='word_1_265' title='bbox 404 3270 580 3319; x_wconf 80' lang='lat' dir='ltr'>NIGRINO</span> <span class='ocrx_word' id='word_1_266' title='bbox 669 3310 672 3319; x_wconf 94' lang='lat'><em>.</em></span> 
     </span>
     <span class='ocr_line' id='line_1_37' title="bbox 286 3330 801 3388; baseline -0.01 -5"><span class='ocrx_word' id='word_1_267' title='bbox 286 3333 396 3384; x_wconf 78' lang='lat' dir='ltr'>PROC.</span> <span class='ocrx_word' id='word_1_268' title='bbox 413 3332 632 3383; x_wconf 67' lang='lat' dir='ltr'>inultorum</span> <span class='ocrx_word' id='word_1_269' title='bbox 649 3331 695 3378; x_wconf 70' lang='grc' dir='ltr'>διο.</span> <span class='ocrx_word' id='word_1_270' title='bbox 728 3330 801 3388; x_wconf 80' lang='lat' dir='ltr'>vrfin.</span> 
     </span>
     <span class='ocr_line' id='line_1_38' title="bbox 88 3390 923 3456; baseline 0 -15"><span class='ocrx_word' id='word_1_271' title='bbox 88 3401 125 3451; x_wconf 76' lang='lat'>5⁸·</span> <span class='ocrx_word' id='word_1_272' title='bbox 143 3393 209 3440; x_wconf 76' lang='lat' dir='ltr'>Nihil</span> <span class='ocrx_word' id='word_1_273' title='bbox 218 3396 294 3440; x_wconf 75' lang='lat' dir='ltr'>anino</span> <span class='ocrx_word' id='word_1_274' title='bbox 304 3410 337 3439; x_wconf 81' lang='lat' dir='ltr'>me</span> <span class='ocrx_word' id='word_1_275' title='bbox 347 3394 412 3456; x_wconf 75' lang='lat' dir='ltr'>plura</span> <span class='ocrx_word' id='word_1_276' title='bbox 419 3394 507 3454; x_wconf 59' lang='lat' dir='ltr'>smum</span> <span class='ocrx_word' id='word_1_277' title='bbox 517 3393 573 3450; x_wconf 59' lang='lat' dir='ltr'>bu]</span> <span class='ocrx_word' id='word_1_278' title='bbox 588 3393 662 3453; x_wconf 82' lang='lat' dir='ltr'>Hujus</span> <span class='ocrx_word' id='word_1_279' title='bbox 669 3392 717 3441; x_wconf 85' lang='lat' dir='ltr'>loci</span> <span class='ocrx_word' id='word_1_280' title='bbox 726 3394 810 3442; x_wconf 78' lang='lat' dir='ltr'>vetitas</span> <span class='ocrx_word' id='word_1_281' title='bbox 821 3390 872 3440; x_wconf 87' lang='lat' dir='ltr'>hate</span> <span class='ocrx_word' id='word_1_282' title='bbox 880 3390 923 3454; x_wconf 77' lang='lat' dir='ltr'>est,</span> 
     </span>
     <span class='ocr_line' id='line_1_39' title="bbox 54 3452 925 3520; baseline -0.003 -14"><span class='ocrx_word' id='word_1_283' title='bbox 54 3452 124 3506; x_wconf 77' lang='lat' dir='ltr'>suffra</span> <span class='ocrx_word' id='word_1_284' title='bbox 142 3468 197 3505; x_wconf 86' lang='lat' dir='ltr'>ante</span> <span class='ocrx_word' id='word_1_285' title='bbox 209 3460 301 3507; x_wconf 85' lang='lat' dir='ltr'>Veneto</span> <span class='ocrx_word' id='word_1_286' title='bbox 311 3456 436 3520; x_wconf 83' lang='lat' dir='ltr'>exemplo:</span> <span class='ocrx_word' id='word_1_287' title='bbox 453 3456 516 3503; x_wconf 77' lang='lat' dir='ltr'>Nihil</span> <span class='ocrx_word' id='word_1_288' title='bbox 528 3458 605 3501; x_wconf 73' lang='lat' dir='ltr'>arn&#39;net</span> <span class='ocrx_word' id='word_1_289' title='bbox 619 3471 652 3500; x_wconf 82' lang='lat' dir='ltr'>me</span> <span class='ocrx_word' id='word_1_290' title='bbox 664 3457 729 3517; x_wconf 81' lang='lat' dir='ltr'>ptura</span> <span class='ocrx_word' id='word_1_291' title='bbox 740 3456 842 3516; x_wconf 77' lang='lat' dir='ltr'>scribere,</span> <span class='ocrx_word' id='word_1_292' title='bbox 857 3472 925 3519; x_wconf 79' lang='lat' dir='ltr'>quum</span> 
     </span>
     <span class='ocr_line' id='line_1_40' title="bbox 55 3470 927 3584; baseline -0.002 -17"><span class='ocrx_word' id='word_1_293' title='bbox 55 3518 107 3583; x_wconf 84' lang='lat' dir='ltr'>(vel</span> <span class='ocrx_word' id='word_1_294' title='bbox 119 3470 173 3569; x_wconf 65' lang='lat' dir='ltr'>iane</span> <span class='ocrx_word' id='word_1_295' title='bbox 183 3519 249 3584; x_wconf 84' lang='lat' dir='ltr'>quod)</span> <span class='ocrx_word' id='word_1_296' title='bbox 265 3522 322 3568; x_wconf 81' lang='lat' dir='ltr'>mibi</span> <span class='ocrx_word' id='word_1_297' title='bbox 329 3520 401 3581; x_wconf 78' lang='lat' dir='ltr'>neceffe</span> <span class='ocrx_word' id='word_1_298' title='bbox 411 3519 441 3579; x_wconf 82' lang='lat' dir='ltr'>fir</span> <span class='ocrx_word' id='word_1_299' title='bbox 456 3520 500 3577; x_wconf 83' lang='lat' dir='ltr'>ejus</span> <span class='ocrx_word' id='word_1_300' title='bbox 511 3517 636 3578; x_wconf 62' lang='lat' dir='ltr'>firmem&amp;</span> <span class='ocrx_word' id='word_1_301' title='bbox 642 3517 758 3581; x_wconf 73' lang='lat' dir='ltr'>fortunus,</span> <span class='ocrx_word' id='word_1_302' title='bbox 773 3519 927 3584; x_wconf 75' lang='lat' dir='ltr'>quibuscunque</span> 
     </span>
     <span class='ocr_line' id='line_1_41' title="bbox 53 3580 571 3649; baseline -0.012 -8"><span class='ocrx_word' id='word_1_303' title='bbox 53 3581 115 3641; x_wconf 68' lang='lat' dir='ltr'>run</span> <span class='ocrx_word' id='word_1_304' title='bbox 128 3580 222 3649; x_wconf 68' lang='lat' dir='ltr'>roffam,</span> <span class='ocrx_word' id='word_1_305' title='bbox 236 3584 312 3647; x_wconf 66' lang='lat' dir='ltr'>tueri,</span> <span class='ocrx_word' id='word_1_306' title='bbox 326 3595 351 3637; x_wconf 82' lang='lat' dir='ltr'>ru</span> <span class='ocrx_word' id='word_1_307' title='bbox 362 3584 432 3635; x_wconf 73' lang='lat' dir='ltr'>uides.</span> <span class='ocrx_word' id='word_1_308' title='bbox 449 3584 571 3635; x_wconf 70' lang='lat' dir='ltr'>Cametar.</span> 
     </span>
    </p>
   </div>
   <div class='ocr_carea' id='block_1_8' title="bbox 0 0 1144 4020">
    <p class='ocr_par' dir='ltr' id='par_1_14' title="bbox 0 0 1144 4020">
     <span class='ocr_line' id='line_1_42' title="bbox 0 0 1144 4020; baseline 0 0"><span class='ocrx_word' id='word_1_309' title='bbox 0 0 1144 4020; x_wconf 95' lang='lat' dir='ltr'> </span> 
     </span>
    </p>
   </div>
  </div>
 </body>
</html>
