2272 4020
119 228 178 243 ·--
241 164 430 259 Lruirn
472 188 778 272 Qunnrus.
879 184 938 267 185

62 316 114 359 ca:
134 308 216 373 atque
237 314 270 355 ea
290 299 381 373 potius
403 297 575 357 reminiscere
589 295 691 372 a⁶quae
711 296 793 372 digna
815 293 863 354 tui
876 310 938 370 per·

63 372 133 435 soni
151 373 235 432 sunt:
264 373 338 432 illam
355 416 364 443 ,
383 372 517 448 quamdiu
538 376 563 433 ei
584 392 654 447 opus
675 374 799 442 ²fuerit,
824 367 935 437 vixiffe3
948 401 962 432 z
976 386 1019 433 olii

64 450 124 511 uni
138 468 204 509 cum
217 451 352 525 republica
366 446 457 509 fuillu:
478 461 507 507 te
521 464 626 525 patrem
648 449 744 517 suum,
763 460 912 523 praerorem
927 446 1032 514 ,fuent-

65 526 235 595 consulem,
267 544 399 603 augurem
428 523 544 585 vidiiie:
565 525 780 585 adolescentibus
806 524 937 598 primariis

66 615 186 680 nuptum
199 596 299 661 suiffe:
320 603 450 661 omnibus
469 602 548 661 bonis
568 600 654 677 propi
673 600 846 675 perluneiam
861 598 936 658 elle:

67 680 136 739 crim
157 676 304 754 respublica
317 678 458 738 occideret
473 722 481 747 ‚
508 680 564 737 vita
584 675 726 735 exccffille.
766 676 844 752 Quid
857 676 913 734 uest
928 704 961 744 ‚o
976 694 1047 742 ross.

89 754 150 813 ubd
162 768 211 822 tu,
229 766 276 811 aut
287 754 348 823 illa,
368 773 435 813 cum
449 755 558 813 fortuna
571 755 627 813 huc
648 755 765 813 nominc
780 754 858 829 queri
878 753 939 827 pos·
949 759 1049 804 antonno

68 775 153 891 itis-i
179 830 312 905 Denique
332 830 438 889 nolite
459 830 579 889 oblivisci
592 831 798 889 4⁷Cicer0nem
820 826 890 897 elie,
911 813 989 887 &‘st·

71 926 157 976 eum,
176 907 225 985 qui
238 906 293 965 aliis
313 906 470 966 bconsueris
490 909 638 983 praecipere
658 910 688 965 br
703 907 765 965 dare
780 903 966 965 consilinum
981 910 1025 954 atii
1033 922 1091 981 ⁸cutr-

70 982 201 1061 assneque
213 984 315 1047 imitari
329 983 415 1045 mulos
429 984 576 1055 medicos,
603 985 652 1060 qui
672 985 701 1043 in
728 984 820 1042 alienis
842 982 944 1040 morbis
954 967 1064 1037 suerent.-

883 1076 948 1134 pro-

73 1243 194 1281 nontnom
204 1247 278 1282 anno.
295 1231 414 1282 Gebhard.
448 1235 525 1281 Locus
535 1230 607 1281 dubio
618 1232 699 1296 procul
715 1246 842 1298 corruptus.
876 1237 946 1282 Metu

72 1298 227 1360 perantiquus
242 1295 319 1352 liber,
333 1300 431 1343 antimum
447 1313 462 1340 a
478 1300 600 1359 cogitatione
615 1310 654 1342 tuo
670 1312 730 1345 voco.
769 1296 833 1345 Mihi
854 1296 945 1347 videtu:

74 1363 222 1423 cogitationem
231 1356 276 1405 effe
285 1359 504 1423 interpretationem
514 1362 543 1408 ro?
552 1362 663 1415 animum,
679 1374 729 1424 quae
741 1374 794 1407 cum
804 1360 830 1407 in
845 1374 944 1407 contex-

74 1434 128 1470 tum
138 1420 264 1470 verborum
275 1422 365 1485 sulpitii
373 1418 508 1496 itrepfiffet‚
524 1420 640 1475 odiernum
650 1418 714 1479 esse,
730 1436 756 1470 ut
768 1422 852 1487 aliquis
869 1420 945 1471 seuit·

75 1483 119 1540 fit,
136 1488 164 1534 nl
175 1485 212 1532 od.
229 1485 264 1531 Sic
279 1500 336 1532 vero
350 1484 475 1549 Sulpittum
488 1482 596 1549 scripfiffe
611 1483 713 1543 censeo,
728 1491 793 1535 eto'oon
808 1500 834 1533 tn
849 1487 875 1531 ao
891 1487 946 1547 hisco

76 1549 138 1596 roton
147 1552 247 1594 animum
256 1560 318 1595 tatum
327 1564 401 1596 avoca.
418 1550 531 1597 GraeviuS.

109 1618 149 1671 4⁶.
166 1613 223 1675 Qe
238 1611 303 1671 dogna
317 1624 356 1656 toto
371 1612 457 1673 persono
472 1612 549 1671 soona]
579 1608 701 1659 vocabulo
712 1613 799 1674 persono
814 1614 899 1661 Cicero
918 1614 945 1662 δι

40 1690 45 1697 ’
77 1674 165 1739 optimi
175 1674 263 1737 quique
273 1686 437 1723 veterumuon
446 1686 498 1721 tam
507 1671 657 1722 substantiam
665 1674 800 1739 intelligunt
815 1687 854 1723 aut
864 1675 944 1723 bomi-

78 1750 154 1795 nem„
171 1750 244 1801 quam
254 1735 350 1800 quidem
360 1736 513 1800 qualitatem,
529 1735 706 1792 conditionem,
722 1739 747 1785 ur
763 1735 848 1786 statum
864 1738 943 1786 bomi-

78 1800 136 1847 nis:
152 1797 363 1862 itadt'gnnmnosttoi
381 1800 468 1861 persenti
485 1796 517 1849 est
533 1797 632 1862 dignum
649 1798 762 1864 dignitate
784 1799 844 1856 illa,
870 1816 943 1867 quam

80 1858 208 1920 babemus,
225 1874 263 1909 aut
275 1877 304 1911 eo
316 1877 429 1918 munere,
446 1861 512 1925 quod
523 1857 665 1910 sustinemus.
689 1863 723 1909 Sic
734 1864 819 1909 Cicero
827 1864 852 1910 in
862 1868 943 1913 Bruto:

80 1927 142 1971 Satis
150 1929 174 1971 ito
184 1941 208 1971 eo
213 1925 279 1984 fnisse
289 1929 391 1972 orationis
399 1939 462 1987 atque
472 1929 563 1986 ingenii,
578 1940 618 1987 quo
629 1924 762 1987 magistratus
774 1927 883 1986 personam
895 1960 902 1982 ‚
918 1929 945 1980 ψ’

78 1988 209 2049 consularem
218 1990 345 2050 dignitatem
353 2002 454 2037 tueretur.
471 1991 537 2036 Orat.
549 2002 592 2050 pro
602 1986 665 2034 Sulla
672 2004 678 2033 ι
686 1992 746 2033 Hono
755 1988 848 2045 mihist,
861 2002 946 2053 propter

79 2067 113 2099 m
127 2066 185 2099 meas
196 2050 276 2113 gestas,
292 2054 395 2114 imponis,
411 2053 509 2098 inomni
524 2053 573 2095 vira
588 2050 715 2111 personam,
730 2053 859 2096 vehementer
877 2068 943 2102 ortos.

81 2116 340 2179 11.DeLeg.Agrar.
363 2119 402 2161 Vos
417 2116 473 2160 milri
484 2116 570 2177 pretori
582 2113 664 2159 biennio
684 2110 750 2168 onte,
775 2115 894 2179 Qirites,
909 2118 946 2161 hoc

81 2176 238 2223 nannenten
249 2178 419 2240 personnnohane
434 2175 557 2239 imposuisti.
574 2172 640 2223 infra
649 2172 736 2224 lib.vr.
753 2190 773 2225 c.
786 2186 807 2225 6.
828 2183 946 2241 Nunquam

80 2240 123 2298 nist
136 2239 279 2299 honorificenti
294 2240 334 2285 ime
348 2244 470 2303 Pompejttm
485 2241 576 2303 appellat
591 2272 598 2294 ‚
619 2252 643 2284 nt
657 2242 681 2285 in
696 2242 740 2301 ejus
751 2242 860 2302 perform
874 2242 946 2288 muita

77 2302 247 2365 ficitnspert'us.
280 2305 433 2352 ,F.Gronov.

83 2428 90 2439 .
113 2380 153 2440 ⁴5⁷·
171 2369 286 2438 Ciceronem
295 2366 352 2426 ost]
366 2366 450 2439 Multis
460 2368 510 2439 iam
519 2362 748 2443 clanuuvirtutibus.
770 2367 805 2439 vis¹
821 2367 899 2429 maior
912 2366 946 2416 est

83 2424 945 2555 lllllfblllrrllblllsslb’llt-t‘rttlssrtlfmlllilai:
993 2516 996 2521 -

84 2552 116 2601 ad
133 2556 184 2603 Art.
194 2552 234 2603 lib.
247 2570 268 2603 v.
293 2562 344 2601 Cum
361 2554 480 2612 Hortenſsur
494 2558 595 2611 veniret,
616 2556 641 2607 (7
653 2555 770 2616 infirmus,
792 2556 817 2606 dr
833 2570 879 2602 tam
889 2508 949 2618 iinge

83 2614 214 2674 Hortensius.
246 2622 278 2666 Et
288 2632 325 2681 ep.
337 2633 358 2665 2.
376 2615 406 2665 ad
419 2621 566 2680 QFrattem
580 2615 620 2667 lib.
633 2633 653 2666 1.
677 2624 724 2665 Cato
739 2618 852 2677 adolescens
867 2619 949 2664 nullius

83 2678 552 2793 ἶῖἑίξῗὲἷζὲιίῗῖι’ἴέ”ιξ”έιίζῖἰἶιέἶιῖῖΐὲἰῖξἐιῗ4
567 2678 752 2802 {attilii
762 2676 952 2791 ἳῗῖῗῖἱῖῗιξζ

145 2760 150 2769 ’
542 2758 548 2789 :
718 2764 743 2791 t.

84 2808 112 2853 in
122 2804 206 2853 struere
221 2808 246 2855 δι
262 2807 288 2853 ln
297 2759 398 2868 lieliquis
417 2790 607 2860 inanitatibus,
628 2818 677 2869 quo
692 2803 788 2869 quisque
802 2758 905 2856 iobiuor
924 2807 951 2857 δι

83 2866 233 2935 praestantior
242 2867 274 2916 est
284 2869 337 2924 vir,
353 2882 384 2914 eo
394 2868 471 2914 minus
481 2866 542 2915 licetr
559 2868 639 2931 itaque
652 2868 761 2932 preclare
770 2870 860 2917 Ennius
877 2884 884 2917 t

214 2933 285 2978 Pleber
300 2934 375 2978 innoc
391 2933 435 2992 regi
448 2929 537 2990 antesin
551 2932 614 2977 loco.-
630 2933 680 2978 licet

214 2999 343 3041 Lacrumare
355 2994 427 3057 plebi,
443 2996 488 3057 rtgt‘
501 2992 580 3053 honeste
594 3012 634 3041 non
648 2996 704 3044 licet.
737 2998 760 3045 1².
768 2998 861 3043 Manut.

119 3066 158 3115 48.
173 3062 361 3120 repraesentem]
376 3062 412 3104 lta
438 3054 509 3104 endet
523 3054 570 3105 hoc
586 3070 601 3104 a
615 3056 687 3107 verbo
702 3060 768 3113 Noli,
784 3069 809 3103 ut
825 3071 854 3103 ert
870 3070 900 3103 eo
915 3067 952 3105 ta·

85 3133 146 3171 men
156 3120 259 3169 eliciatur
267 3116 408 3169 affirmatio:
422 3070 469 3167 ior
479 3118 568 3168 modo:
584 3137 609 3166 ne
623 3124 712 3169 novolio
727 3122 814 3166 imitari
828 3120 895 3164 notos
908 3134 953 3164 one-

81 3184 152 3231 do'cos.
168 3196 226 3231 nam
235 3180 343 3247 quadam
353 3196 383 3230 ex
399 3183 527 3247 negatione
541 3182 591 3231 &a
617 3186 734 3233 nnatione
748 3178 898 3244 composita,
913 3194 954 3240 ut,

84 3254 155 3295 Nemo
166 3259 195 3293 ex
205 3265 245 3292 noto
256 3248 365 3302 brinno,
380 3250 433 3293 tuoto
444 3261 473 3293 ex
485 3263 523 3291 non
535 3246 561 3293 &
573 3248 636 3301 valo,
652 3247 676 3294 in
704 3249 763 3294 rima
773 3242 890 3292 sententio
900 3257 953 3307 par·

84 3324 112 3357 te
123 3309 173 3359 vim
183 3308 269 3356 habent
280 3307 399 3375 negandi,
420 3322 445 3357 ut
463 3307 501 3356 hic
516 3309 569 3356 Nolo·
582 3321 602 3354 te
616 3262 714 3369 oblt'vt'lio'
728 3311 841 3354 ciceronem
854 3306 909 3365 effi:
927 3308 953 3357 in

83 3369 189 3423 secunda
199 3369 330 3427 affirmant,
345 3384 385 3428 nt,
400 3378 473 3439 Neque
486 3372 592 3419 imitati:
610 3370 674 3434 quod
689 3372 722 3418 ita
736 3369 822 3435 regitur
838 3368 875 3432 (ut
890 3367 953 3417 dixi-

84 3432 154 3496 mus)
166 3446 179 3481 a
190 3432 261 3483 verbo
273 3436 338 3491 Noli,
353 3446 378 3482 ur
389 3431 534 3484 subaudiatur
546 3446 598 3481 non
613 3448 641 3481 ea
658 3447 710 3497 pars
725 3446 776 3497 quae
791 3432 816 3480 in
832 3447 861 3480 eo
878 3431 951 3482 verbo

82 3508 175 3563 negat,
190 3494 231 3549 sed
240 3510 268 3551 ea
276 3510 372 3551 tantum
381 3511 432 3565 quoe
441 3492 559 3611 affirm}
584 3497 620 3549 Sic
631 3498 657 3549 δι
667 3497 753 3551 cicero
766 3494 858 3548 loeutus
868 3509 904 3560 ep.
913 3508 951 3604 ᾗ.
