2272 4020
202 126 267 195 342-
300 106 416 173 Error.
431 122 483 170 rm
505 99 558 175 Μ,
580 99 757 175 Mantuae,
779 116 823 167 rr.
845 112 1004 166 cennos

55 250 73 287 o
85 233 144 285 Ele
205 234 275 275 mur.
297 214 501 271 ¹⁶⁰Extrcmns
514 209 725 285 elephantorum
740 205 798 267 dics
819 206 872 265 suit
887 226 903 293 ιΙ
915 205 946 266 in
959 222 1019 284 quo
1030 204 1081 265 ad·

56 298 140 367 phant·
206 285 316 350 miratio
331 308 432 365 magna
452 286 528 361 vulgi
548 298 631 361 atquc
651 286 756 352 turbae;
777 282 925 359 delestatro
945 282 1020 341 nulla
1033 298 1082 339 cx·

56 355 195 425 ΜΨ·
204 366 277 427 stitit.
297 368 365 444 quin
386 367 470 424 etiam
491 360 674 421 misericordia
692 359 823 439 quaedam
851 358 1001 419 consecuta
1021 357 1082 427 cll,

206 456 291 521 atque
306 442 404 520 opinio
425 438 584 517 ejusmodi,
604 434 656 496 effe
676 436 817 513 quandam
838 436 879 509 illi
902 434 1005 521 belluae
1018 450 1082 493 cum

95 536 122 584 ²·
137 534 164 579 ¹⁵·
207 510 1083 655 simibus-²¹¹⁰&silmasllfflbmllsb‘lille’

310 613 326 653 c
390 613 412 653 rs
462 611 498 653 ne
524 611 543 651 o
569 610 634 650 cut
731 610 740 649 r
1074 626 1084 655 ,

60 706 77 758 p
93 703 124 739 ne
143 614 500 737 lbetsbdlblibbbubmbino
521 664 622 738 fuisse,
641 666 731 742 dirupi
758 685 805 725 me
825 663 907 743 paene
927 664 959 723 in
976 662 1082 741 judicio

61 756 112 806 alti.
212 748 286 807 Galli
299 748 433 815 Caninii,
453 744 589 804 familiaris
603 742 653 802 tui.
693 741 782 819 Qubd
795 742 815 801 fi
828 756 887 802 tarn
900 740 1022 827 ¹facilem
1036 757 1084 816 po·

213 824 310 903 pulum
331 826 487 894 haberem,
507 820 593 911 quim
614 819 733 896 AEsopus
753 820 868 879 habuit:
888 818 1007 876 lrbentcr
1029 835 1085 905 rne-

97 913 141 960 arri
166 903 326 963 ‹le-hercule
340 916 429 961 artem
442 900 637 968 ndennerem,
657 911 832 992 tecumque,
852 899 882 955 δι
907 912 975 953 curn
993 893 1085 953 .fimrl1·

63 928 174 1028 scserem.
215 982 265 1041 bus
285 978 370 1039 nostri
402 979 535 1037 viverem.
574 976 651 1038 Nam
677 992 724 1034 me
751 992 816 1032 cum
843 985 925 1032 antea
953 970 1087 1038 taedebat,

64 1070 118 1119 1&
130 1054 283 1127 meriacum
303 1058 352 1115 ¹&
372 1066 436 1113 actas
456 1056 488 1113 dc
506 1053 623 1111 ambitio
643 1070 691 1110 me
710 1051 889 1110 hortabantur
911 1092 920 1120 ,
941 1050 974 1106 &
994 1047 1087 1106 licebat

67 1134 122 1182 MS·
142 1133 208 1179 erar.
218 1132 355 1209 denique,
375 1148 462 1209 quem
483 1131 637 1199 nolebam,
657 1147 717 1188 non
737 1125 911 1185 defendere:
938 1136 1004 1183 tum
1024 1120 1087 1181 verd

217 1210 274 1267 hoc
293 1222 423 1285 tempore
436 1209 494 1267 vita
505 1206 578 1267 nulla
593 1204 637 1265 cst.
660 1204 796 1281 ¹⁸Neque
814 1204 890 1262 enim
913 1200 1039 1261 aueum
1052 1198 1089 1257 ul·

69 1298 181 1399 {iffa
218 1286 279 1346 lum
291 1284 390 1347 laboris
405 1302 441 1345 ex
462 1284 506 1344 his
526 1281 695 1360 ‘exspedioz
723 1282 754 1342 &
767 1297 855 1357 cogor
874 1294 1090 1413 nonnumguffi

70 1414 142 1464 MSS.

215 1547 281 1602 perro.
298 1534 409 1585 libam.
425 1548 462 1600 ep.
470 1549 491 1585 1.
508 1541 556 1585 Non
566 1552 607 1601 que
616 1536 648 1597 fir
662 1553 689 1585 ex
700 1534 755 1598 istis.
771 1534 867 1603 estotim
878 1535 940 1583 omni
953 1531 1045 1582 liberali
1058 1536 1091 1585 n·

222 1598 443 1661 drinepolr'tr'ffimers.
476 1596 498 1663 J
506 1602 532 1648 F.
540 1602 649 1651 Gronov.

254 1668 290 1713 16.
307 1666 421 1709 Extremus
435 1663 591 1725 elephantorum
604 1666 670 1721 dica]
699 1660 918 1713 Dionl'rb.1xx1x.
934 1660 1090 1727 magnificer-

219 1722 280 1776 tlam
292 1726 317 1772 dc
329 1736 467 1835 apgaratum
477 1724 563 1775 horum
572 1724 683 1775 ludomm
693 1722 850 1790 copiofisl'rme
865 1728 972 1777 narravit
986 1743 994 1775 a
1011 1726 1092 1777 mulu-

240 1801 270 1837 ue
279 1785 309 1837 de
319 1788 360 1851 clep
375 1792 444 1845 eneis,
461 1790 486 1837 dc
496 1788 527 1838 de
537 1787 711 1846 misericordia,
728 1803 780 1851 quae
790 1788 817 1837 in
827 1788 914 1837 animis
931 1792 1001 1857 vulgi
1016 1798 1093 1839 exom

218 1864 233 1899 e
259 1884 267 1905 ,
285 1847 416 1915 disputavit.
434 1852 505 1913 Qrod
515 1865 594 1901 autem
605 1853 691 1901 Cicero
700 1852 793 1916 inquit,
807 1854 929 1899 venationes
940 1854 994 1903 bine
1008 1866 1047 1918 per
1054 1852 1094 1899 dee

221 1918 330 2029 fflque,
345 1915 412 2027 Ῑῖἐοιι
420 1913 505 2025 tregit,
518 1917 662 1981 quingentos
673 1916 755 1965 leones
765 1914 870 1980 quinque
884 1912 971 1967 diebus
982 1916 1048 1968 feno
1057 1910 1094 1965 ab·

291 1988 354 2027 tose
374 1992 394 2027 e.
441 1980 457 2024 'i
476 1995 506 2027 er.

257 1992 292 2095 17Ρί
311 2044 353 2087 His
363 2056 396 2102 ege
408 2054 477 2087 temen
487 2042 574 2095 diebus,
589 2041 647 2088 laedis
658 2040 764 2102 scenicis,
780 2056 805 2085 ne
815 2039 894 2099 ferte]
909 2042 1017 2093 Nullam
1028 2042 1096 2093 varie·

222 2112 299 2150 tatem
310 2102 390 2151 inveni
403 2104 429 2151 io
439 2101 517 2167 priscis
527 2102 663 2160 codicibus,
679 2101 737 2167 quid
748 2116 829 2151 tarncn
843 2116 961 2168 repente,
978 2107 1038 2155 dum
1051 2104 1096 2155 luc

225 2160 359 2220 scriberem,
375 2166 400 2213 in
412 2178 518 2215 mentem
540 2170 646 2223 venerit,
662 2165 719 2214 libet
737 2180 875 2229 exponere:
892 2166 998 2219 lectores
1013 2170 1023 2219 i
1068 2180 1096 2215 an

223 2229 317 2291 penitus
328 2226 504 2290 explodendum
515 2226 557 2286 sit,
573 2228 714 2291 judicabunt.
748 2234 836 2277 Vereor
847 2244 878 2277 nc
889 2228 941 2278 dua:
959 2226 1007 2280 ille
1035 2229 1097 2279 reio-

225 2304 268 2337 ncs
284 2290 341 2334 ledis
353 2291 443 2349 fictricis
456 2304 559 2349 vacent,
577 2295 602 2340 ὅ(
614 2292 737 2341 Ciceronis
756 2306 806 2357 uon¹
821 2288 888 2349 lint,
916 2291 958 2342 sed
975 2293 1097 2343 declaratio

226 2351 350 2415 quondum
362 2350 449 2401 fuerint
459 2354 543 2418 prioris
556 2355 619 2403 illius
630 2356 715 2419 partis,
731 2368 782 2416 que
796 2352 878 2418 postea
894 2355 925 2404 ab
941 2359 1059 2433 inmeritis
1071 2356 1098 2405 li·

225 2414 306 2464 brariis
322 2428 411 2464 temere
421 2415 467 2465 huc
477 2417 594 2466 inculcata
604 2415 650 2474 sit,
665 2432 742 2481 neque
754 2418 866 2467 Ciceroni
880 2417 912 2469 ad
928 2426 1038 2471 Murum
1052 2416 1099 2469 scri·

227 2476 293 2527 bent'r
304 2476 329 2527 id
338 2476 468 2552 significare
480 2478 569 2529 necesse
581 2492 647 2529 erat:
668 2495 720 2528 non
736 2481 802 2528 enim
821 2480 863 2529 ille
881 2484 891 2546 i
910 2498 1000 2533 notare
1014 2492 1099 2550 patret

227 2540 269 2605 qui
284 2541 320 2589 illi
340 2540 390 2592 dies
412 2538 493 2593 ess'ent.
527 2548 632 2599 Verum,
660 2540 864 2607 quemadmodum
904 2548 1013 2607 aimus,
1031 2546 1101 2596 tenuit

228 2602 278 2658 hec
292 2602 408 2669 suspicio,
423 2621 467 2653 nec
476 2605 566 2670 aliquid
577 2604 772 2661 immutandum,
793 2604 836 2655 nisi
852 2608 887 2657 ita
904 2609 1055 2661 dostioribus
1069 2608 1101 2657 ri-

228 2664 281 2716 sum
295 2666 378 2724 fuerit,
396 2667 491 2716 censeo:
509 2671 585 2733 potuit
599 2670 663 2717 enim
673 2668 719 2716 hoc
731 2667 828 2727 addere,
844 2668 921 2720 adhuc
937 2676 1020 2739 magis
1036 2671 1102 2739 figni-

230 2718 301 2779 ficare
315 2730 399 2778 volens
415 2730 536 2780 infelicem
547 2730 710 2781 conditionem
722 2731 799 2781 suam:
816 2732 928 2806 quidum
938 2738 981 2785 alii
992 2735 1054 2786 ludis
1064 2732 1102 2783 ob·

228 2790 383 2847 lestarcneur,
400 2795 424 2841 &
440 2808 454 2841 a
469 2797 527 2843 curis
543 2793 780 2855 sollicitudinibusque
794 2808 902 2845 ammaum
922 2798 1103 2855 reficerem,in

229 2851 298 2903 rebus
307 2853 412 2903 molestis
424 2854 556 2921 odiosisquc
573 2858 705 2921 implicatus
720 2858 784 2907 essct.
818 2862 977 2911 Mentionem
992 2860 1049 2912 fecit
1063 2860 1102 2911 bo·

229 2928 283 2981 runt
292 2915 403 2966 ludorum
414 2920 498 2967 Cicero
510 2922 535 2967 io
546 2925 612 2969 orat.
629 2933 711 2968 contra
726 2926 754 2971 L,
768 2918 895 2973 Pisonem:
913 2925 1000 2986 laudent
1012 2926 1057 2989 pasl
1070 2928 1104 2970 ln·

228 2982 314 3027 minum
330 2983 454 3026 memoriam
468 2983 621 3043 astrararr'ffimi
634 2983 868 3048 magnificentiffimique
884 2989 955 3035 ludis
979 2991 1056 3052 quales
1069 3004 1104 3033 aaa

231 3042 293 3091 modo
308 3059 416 3097 nunquam
422 3043 531 3101 fuerunt,
547 3048 585 3107 sed
600 3064 624 3091 ne
640 3049 741 3108 qrremedo
753 3047 807 3105 fiere*
819 3050 908 3111 quidem
921 3050 1008 3113 posthoc
1023 3050 1104 3113 peffirrr,

230 3106 312 3168 peffam
328 3101 372 3152 alle
385 3108 445 3169 passo
456 3108 569 3169 suspicari.
601 3114 680 3171 Qrem
692 3108 774 3157 locum
784 3106 815 3157 fic
824 3111 994 3177 interpretatus
1010 3114 1045 3164 csl
1060 3118 1103 3163 Ρι-

235 3165 336 3219 dianus:
354 3176 389 3219 Cn.
405 3174 501 3231 Pompeii
517 3173 576 3217 ludas
593 3172 717 3234 fignificat,
738 3172 813 3235 quibus
828 3176 939 3223 theatrum
956 3194 971 3223 e
988 3178 1015 3237 se
1026 3178 1105 3239 fee‘lrn

236 3229 450 3341 ‘fdffasssgtq‘l‘bm
460 3234 519 3281 lodis
528 3235 683 3301 elephantorum
695 3248 787 3298 pugnem
800 3240 885 3299 primus
902 3244 1004 3289 emnium
1019 3241 1077 3289 dedit
1086 3240 1107 3287 i·

238 3307 301 3341 oreo.
340 3309 348 3340 1
373 3309 442 3347 onus.

272 3362 307 3406 18.
323 3361 396 3419 Neque
410 3363 466 3405 enim
477 3358 577 3419 fructum
592 3361 670 3407 laboris
685 3378 711 3407 ex
727 3364 760 3425 bis
772 3360 882 3423 exspelia]
896 3366 959 3414 Non
974 3364 1106 3415 affirmarim

236 3416 557 3491 culuodpamcndumlaoc
570 3421 713 3479 amumfit:
729 3423 1108 3541 incuriicerti·-ruttumilluruelba
