2272 4020
202 208 229 267 4-
337 177 501 244 Er-tsr.
543 198 605 243 nu
644 178 943 246 Lautorum

202 309 236 358 ut
249 312 378 372 magnam
390 296 534 355 infamiam
546 295 715 370 frigiat,non
728 294 884 355 desistimus.
905 294 959 354 Sed
971 294 1079 373 aplane

204 392 258 437 nec
272 374 393 449 precibus
407 371 501 431 nostris
516 415 525 442 ,
545 380 557 424 5
565 390 618 431 nec
637 371 871 431 admonitionibus
891 373 1019 450 relinquit
1031 375 1075 433 lo-
1090 382 1105 388 “

207 469 283 509 cum.
304 450 378 507 Nam
393 448 500 513 cumin
512 449 638 508 sennone
652 447 813 524 quotidiano
830 490 838 518 ‚
856 459 918 505 tum
938 451 968 508 in
981 449 1075 510 senatu

207 524 343 603 palimfic
357 525 412 605 egit
425 525 532 585 cauam
544 537 622 584 tuam
631 567 639 597 ,
647 537 678 583 ut
691 542 784 602 neque
797 525 954 600 eloquentia
969 527 1076 601 majore

1006 602 1078 679 tus·

209 739 336 800 daremus,
351 741 486 791 retinuimtu
495 740 556 790 banc
565 739 658 790 illarum
668 740 853 806 appellationem
863 774 870 797 ,
886 752 911 788 ut
921 739 1079 806 Epistolarum

212 802 243 852 ad
253 803 395 854 Familiareis
405 805 476 853 titulo
486 803 605 868 prodirent
615 839 622 861 ,
638 802 831 869 quandoquidem
841 803 889 851 bac
897 819 947 851 non
956 802 1027 851 hodie
1039 816 1079 852 aut

212 864 263 915 heri
274 879 329 914 nata
337 869 364 919 ,δι
373 866 483 930 impolita
492 865 600 931 Epistolic
611 869 717 915 nomina
735 881 792 914 uam
801 864 1078 922 exstabant,teste‘rran·

232 928 291 977 uillo
304 929 330 975 in
339 927 403 992 Julio
413 943 462 992 cap.
471 937 507 995 56,
524 932 553 979 C.
566 927 661 978 Caesaris
672 929 702 977 ad
713 930 873 984 ciceronem,
888 929 946 976 itein
962 927 991 976 ad
1007 928 1080 977 fami⁴

213 943 296 1046 fieres,
311 988 442 1055 domesticis
453 991 482 1039 de
492 989 585 1040 rebutE
603 991 682 1041 istola.
710 991 753 1040 Sed
768 989 801 1040 ibi
816 993 944 1038 Familiares
960 991 1001 1039 alii
1012 989 1079 1048 sunt,

215 1067 288 1117 quarn
299 1050 343 1102 hic.
365 1053 445 1116 Etiam
456 1050 503 1118 ipse
513 1055 563 1104 Cic.
575 1007 614 1104 li).
623 1069 688 1104 xur.
706 1059 725 1103 E
742 1060 779 1105 .⁶.
797 1052 828 1101 ad
838 1055 957 1102 Attiumr:
975 1053 1080 1116 Epistola

215 1118 273 1162 mihi
282 1117 432 1176 pronuntiabat
443 1117 553 1175 verficrtlt‘s
563 1115 659 1175 saturis,
680 1117 708 1163 ad
720 1070 845 1177 firmiliarer
860 1117 931 1176 ma'ffltr
948 1117 1080 1166 dccrinrhoa

217 1182 271 1242 Ego
282 1176 390 1287 ‘ffid‘m’
398 1177 589 1243 quandoquidem
599 1194 642 1228 uec
651 1178 724 1228 exstet
734 1181 822 1229 invett.
828 1174 893 1226 liblis
899 1179 947 1226 hac
952 1176 1082 1242 inscriptio,

218 1248 262 1291 aec
272 1240 289 1288 il
313 1273 321 1296 ‚
337 1243 420 1305 quibus
431 1238 547 1291 destinata
557 1256 584 1289 ac
598 1239 669 1292 miffae
680 1241 749 1299 sunt,
770 1241 880 1289 Ciceroni
896 1255 979 1289 omues
994 1239 1083 1291 fuerint

169 1337 172 1353 t
219 1301 361 1360 familiarem
376 1319 427 1352 non
440 1317 498 1368 puto
513 1304 566 1353 lruic
582 1319 671 1352 nomen
681 1304 717 1352 illi
730 1303 745 1352 a
763 1309 859 1368 Tyronc
872 1300 980 1360 fadum
997 1300 1036 1353 sed
1052 1303 1084 1352 ad

219 1363 342 1415 disumen
356 1366 448 1415 alterius
463 1365 492 1417 ab
508 1368 588 1432 aliquo
602 1368 704 1430 primum
717 1364 790 1415 sciolo
804 1365 964 1428 excogitatum
979 1367 1004 1413 bc
1019 1364 1085 1427 adje-

219 1424 298 1483 dlumr
315 1426 399 1477 deinde
408 1428 422 1478 l
432 1427 529 1479 credulis
538 1441 656 1493 receptum
666 1445 692 1478 ac
701 1428 983 1494 propagattmrbucusque
991 1426 1085 1478 manas-

219 1487 259 1547 se5
275 1504 329 1539 cum
338 1492 444 1541 vidorio
453 1506 511 1558 ergo
520 1490 695 1542 removendum.
712 1493 841 1542 Gebhardus.

255 1569 276 1603 1.
292 1559 326 1599 Ur
335 1557 374 1616 qui
382 1568 419 1611 ru,
435 1572 475 1602 non
484 1556 525 1614 rufi
532 1555 673 1618 perfodiam]
704 1559 741 1603 lta
753 1553 856 1603 malebat
865 1556 977 1602 Gmtems
992 1552 1084 1613 noster,

240 1617 278 1664 uia
285 1611 362 1665 inl’al.
369 1618 446 1680 primo
456 1620 481 1666 dc
491 1617 702 1677 editionevenetd,
718 1631 769 1681 quac
778 1616 864 1681 prodiit
875 1621 947 1664 Anno
954 1625 1020 1676 1468.
1027 1634 1083 1668 cum.

220 1631 392 1791 inqut
406 1679 667 1808 intimam
680 1674 1097 1791 ἓὲἓὲἓὲἓὲἓὲἓὲἓὲ·

223 1799 337 1868 Egnatius
353 1805 379 1854 dc
395 1820 424 1853 ex
440 1804 480 1855 suo
496 1808 618 1856 Vitiorius.
640 1806 670 1855 al.
692 1818 735 1860 ut,
755 1804 808 1852 'uia
822 1818 855 1852 tu.
871 1802 962 1866 vulgo,
977 1809 1087 1866 quoniame

224 1862 369 1915 Gebhardus.
403 1873 462 1917 Non
471 1867 544 1932 cufim
553 1868 590 1917 hic
601 1865 734 1917 subscribere
768 1879 844 1915 rutero
858 1867 994 1914 immutanti
1003 1867 1089 1914 Icilio-

223 1944 283 1987 nem
291 1929 418 1994 vulgatam.
440 1935 491 1998 Qr'
500 1931 538 1981 hic
547 1932 639 1980 nullum
648 1929 717 1979 habet
733 1929 831 1986 locum,
846 1943 889 1977 nec
900 1926 984 1976 babere
997 1929 1089 1993 potest,

221 1988 245 2055 ,fi
256 1991 317 2041 reste
328 1992 464 2052 attenderis,
481 1993 519 2043 sed
529 1991 654 2045 neceffario
663 1997 717 2057 quic
730 1991 874 2057 legendum,
890 2002 929 2039 aut
940 2008 987 2039 cum
998 2024 1005 2046 ,
1022 1990 1089 2056 quod

226 2054 317 2102 cumin
326 2055 389 2111 aliis,
405 2069 457 2105 uun
466 2059 491 2105 in
506 2072 562 2107 meo
576 2071 672 2122 quoque
680 2054 740 2104 libro
754 2055 860 2111 vetusto,
876 2067 948 2118 quem
963 2050 1090 2103 secunduma

224 2116 335 2182 appello,
350 2130 422 2167 extat.
455 2117 499 2168 Sed
508 2121 533 2168 in
543 2121 619 2184 primo
629 2122 681 2182 quia
691 2114 799 2166 scribitur.
816 2115 963 2165 Crediderim
979 2114 1090 2165 excidiffe

226 2178 254 2228 in
264 2194 312 2229 uuo
321 2179 414 2236 codice,
430 2195 460 2229 ex
469 2195 518 2246 quo
527 2183 604 2231 multa
612 2179 723 2242 descripta
737 2176 788 2227 sunt
804 2179 930 2243 exempla,
946 2193 975 2226 er
989 2181 1027 2240 etp*
1035 2184 1090 2244 quia

226 2240 332 2319 litteram
346 2242 472 2300 ultimam,
487 2243 542 2318 inde
557 2257 639 2319 natam
652 2242 719 2316 illam
732 2240 895 2320 diverlitatem.
928 2245 987 2290 Non
1001 2243 1089 2317 ignoro

226 2302 591 2434 &ambulabili
599 2303 1088 2433 rilllt¹l¹sf5b⁶lt¹bib,{blff

227 2432 494 2556 maritali-'3553‘
505 2429 852 2553 ‘ltillszl‘lriilllb
865 2429 1088 2556 aildssd‘dfflvi't‘ff

489 2529 498 2552 ,
607 2531 613 2544 .
1003 2529 1009 2541 .

229 2566 312 2605 tamen
338 2570 407 2610 uum,
423 2557 484 2605 varie
498 2560 576 2620 paucis
590 2554 707 2607 codicibus
721 2552 918 2619 exspatiantibus,
939 2554 989 2603 fere
1004 2569 1089 2603 omnes

230 2619 274 2687 reli
308 2569 430 2690 ‘babeam
439 2631 478 2667 aut
487 2623 526 2682 qui
540 2633 579 2670 aut
588 2623 705 2686 quonian,
721 2620 774 2682 quis
784 2635 834 2668 non
843 2617 920 2669 rideat
930 2619 1025 2690 eculin
1035 2619 1088 2682 qui-

230 2633 368 2743 busqegltut
377 2683 417 2744 qm·
422 2713 429 2736 r
445 2678 475 2733 ab
484 2681 581 2733 librariis
590 2695 710 2746 corruPtos
722 2677 785 2738 effe,
805 2696 856 2730 non
867 2677 1090 2752 adsequentrbusue-

230 2754 307 2791 terem
317 2756 400 2791 notam
409 2759 457 2808 qm,
473 2758 502 2792 ex
513 2742 595 2810 qulbus
605 2744 676 2794 tribus
685 2743 779 2792 lineolis
793 2745 886 2795 literam
894 2761 917 2790 m
926 2741 1090 2791 denotantibus

231 2802 350 2855 finrcnmt
360 2804 414 2854 ideo
425 2811 462 2863 ui,
478 2822 552 2872 quum
560 2807 588 2857 fit
598 2806 666 2858 solita
673 2807 768 2855 innuere
781 2810 805 2855 τὸ
819 2810 919 2871 quoniam
931 2815 942 2853 ἓ
958 2807 1019 2855 ilinc
1030 2804 1090 2860 illis,

232 2864 272 2916 ubi
282 2868 366 2933 legitur
389 2872 425 2924 ui,
442 2863 555 2931 adiundlit
565 2886 662 2920 numero
672 2884 754 2936 eonon
763 2867 802 2917 ubi
812 2867 896 2933 legitur
909 2872 1022 2932 quoniam,
1038 2865 1093 2915 sane

231 2928 281 2979 hoc
290 2885 429 2987 uocabulum
438 2935 463 2981 δι
478 2932 627 2983 multitudine
640 2930 732 2982 testium
747 2933 772 2981 δι
788 2933 931 2996 antiquitate,
940 2930 1029 2979 viderur
1040 2929 1092 2997 vin-

232 3007 304 3050 cete,
319 2994 344 3042 ἃ
359 2995 479 3044 Ciceronis
493 3010 588 3061 quoque
601 2994 782 3050 consuetudine,
797 2996 839 3057 qui
849 2995 876 3043 τὸ
886 2996 938 3056 quia
951 2991 1028 3056 sapius
1043 3007 1094 3039 non

232 3053 265 3104 iic
274 3057 353 3110 iterat,
369 3052 510 3115 sedmutat‚
526 3072 551 3108 ut
560 3058 698 3109 restituimus
715 3063 832 3109 rluvenr.·
842 3072 876 3106 11.
893 3053 935 3105 nist
949 3056 975 3103 iu
989 3052 1093 3119 pbiloso-

229 3116 306 3183 phicis
317 3115 416 3167 versans.
432 3123 526 3170 Gronov.
810 3168 813 3173 ,
1124 3126 1130 3153 ’

268 3198 289 3230 2.
305 3184 369 3244 aegis
382 3183 479 3244 legana]
511 3188 576 3233 Nam
584 3197 625 3231 rex
635 3177 726 3233 aberat:
742 3183 815 3247 quia,
831 3192 885 3227 cum
899 3180 1045 3234 exercitum,
1061 3179 1095 3227 Si-

220 3240 302 3307 'byllae
312 3241 411 3292 versibus
420 3242 581 3309 interdidlum,
597 3242 737 3312 desperaret,
752 3245 830 3309 petiit,
846 3255 870 3290 ut
882 3239 1094 3313 al’ompeio,dtro-

232 3299 277 3354 bus
286 3319 379 3357 tantum
388 3305 507 3357 litloribus
516 3310 648 3365 comitato,
659 3308 820 3358 redimeretur.
836 3302 902 3369 quod
916 3320 970 3353 cum
984 3319 1034 3352 non
1044 3318 1095 3351 un-

234 3365 356 3432 petraffct,
372 3371 447 3418 terito
456 3369 547 3430 senatu,
563 3387 593 3421 ne
604 3373 709 3435 Pompeii
721 3369 828 3434 potentia
842 3369 942 3415 nimium
957 3379 1095 3431 augeretur3

237 3429 328 3492 abiedla
342 3429 396 3496 spe,
417 3430 533 3497 Ephesrun
548 3431 571 3482 se
585 3435 732 3489 contulerat,
747 3431 829 3480 relide
846 3431 994 3479 Hammonio
1007 3429 1095 3502 legato.

119 3548 122 3553 .
136 3578 140 3583 ι
236 3489 358 3553 dmeffifft
371 3509 426 3547 erun
434 3492 464 3548 ab
477 3493 533 3550 urbe
537 3529 545 3557 ,
555 3508 683 3593 autequam
690 3493 775 3554 tdbtui
784 3493 817 3561 pl.
829 3492 990 3562 magistratum
998 3494 1100 3601 irurcnpd,
