2272 4020
246 135 288 213 76
368 128 548 198 Eussnnn
570 127 610 192 C.
631 126 837 205 Conrousu,
858 143 902 190 ar
925 144 1028 195 Amos
1121 186 1125 195 .

93 255 234 307 saumatam
246 243 385 303 clariffina
400 248 430 304 &
444 246 565 303 maxima
579 241 727 301 fbeneficia
741 241 898 300 exstiterunt
913 261 920 299 :
941 241 1035 318 estque
1056 244 1125 315 ani-,-

91 318 170 371 benef.
245 322 284 379 mi
297 321 427 396 ingenui,
447 323 493 379 cui
506 320 624 379 multum
640 319 753 386 debeas,
773 317 864 377 eidem
879 317 1029 393 plurimum
1043 318 1127 389 uelle-t¹

244 395 360 466 debere,
380 416 440 455 non
460 397 581 456 dubitaui
600 395 629 454 id
649 394 665 453 a
685 407 713 453 te
727 412 775 470 per
788 395 887 451 litteras
903 404 1014 469 petere,
1035 396 1114 472 quod
1125 453 1130 476 Α,

243 473 310 530 mihi
325 469 454 540 omnium
472 470 537 531 esset
553 473 707 530 maximum
734 468 910 556 marime'que
923 468 1122 556 necessarium?

243 549 344 625 Neque
358 551 434 611 enim
456 549 514 607 sum
529 549 652 617 verituS,
679 565 715 606 ne
735 547 861 607 sustinere
881 557 976 604 tuam
999 566 1048 606 me
1066 548 1123 611 vel]

56 682 60 693 ,
91 671 108 720 3
118 656 150 713 fi,
161 657 232 704 MSS·
242 625 447 684 innumerabilia
461 637 541 684 anon
553 621 658 701 possem
669 623 747 681 :clim
761 622 909 697 praesertim
922 622 1120 699 confiderem,¹

91 723 156 765 orae.
173 721 216 764 aaa·
243 701 345 759 nullam
366 700 419 759 else
439 703 552 777 gratia'rn
569 745 577 771 ,
596 719 680 776 quam
702 698 781 756 hnon
801 699 846 755 vel
873 716 969 774 capere
1004 703 1112 761 animus

90 779 203 829 beneficia
242 794 320 835 meus
334 778 362 835 in
381 777 558 852 accipiendo,
579 777 624 834 vel
639 773 681 834 iin
705 774 908 833 remmterando
930 772 1135 837 cumulando-⁸

92 858 151 891 ¹¹⁰³·
242 871 296 928 que
310 852 436 911 illustrare
450 850 566 927 kpollet.
604 853 666 926 Ego
680 851 776 909 omnia
786 868 852 917 ⁴mea
865 850 973 922 studia,
993 871 1111 915 omnem

91 908 217 1018 hvpe'lilsm
242 947 379 1003 operam,
399 947 493 987 curam
508 973 517 998 ‚
535 928 716 996 industriam,
743 927 965 1001 cogitationem,
984 941 1113 991 mentem

94 1031 179 1079 Aldus.
242 1004 362 1080 denique
382 1023 499 1063 omnem
519 1007 548 1063 in
568 1004 682 1062 Milonis
709 1001 849 1061 consulatu
868 1002 914 1063 fixi
941 1005 971 1061 &
997 1005 1090 1065 locavi
1099 1027 1111 1066 ·:

91 1093 101 1141 i
116 1092 142 1139 in
151 1094 234 1138 aliicla-
242 1079 374 1156 statuique
388 1084 417 1139 in
432 1099 467 1139 eo
482 1100 528 1139 me
542 1099 600 1139 non
615 1080 700 1137 officii
712 1077 800 1137 solum
814 1079 953 1150 frustum,
966 1079 1014 1140 sed
1027 1082 1113 1157 etiarn

93 1156 143 1204 lert·
261 1157 346 1215 ieratis
359 1157 469 1215 laudern
483 1158 581 1216 debere
601 1172 731 1232 quaerere.
770 1154 871 1232 Neque
891 1154 959 1215 vero
980 1158 1111 1234 cuiquam

94 1214 197 1324 kffiffit
241 1174 380 1302 salutern,
406 1251 437 1291 ac
458 1234 580 1292 fortunas
601 1233 658 1290 suas
677 1244 761 1291 tantae
782 1250 856 1291 curae
875 1229 952 1290 fuisse
973 1252 1110 1311 umquam

93 1295 110 1325 ν
129 1294 164 1340 ³⁰·
243 1320 328 1382 puto,
348 1321 459 1384 quantae
474 1311 541 1367 mihi
562 1307 593 1366 fit
613 1311 704 1366 honos
721 1309 802 1383 ejus,
835 1319 862 1360 ²7
878 1309 907 1367 in
928 1328 985 1385 quo
1013 1313 1111 1371 omnia

243 1400 307 1442 mea
340 1384 405 1442 osrta
419 1381 472 1443 effe
486 1385 602 1443 decrevi.
641 1384 717 1440 Huic
730 1395 758 1441 te
772 1401 860 1441 unum
872 1395 950 1442 tanto
965 1385 1111 1462 adjumen-

243 1470 275 1516 to
291 1477 306 1516 e
327 1478 359 1528 e,
379 1459 546 1528 adromeus,
566 1457 788 1534 polleintelligO,
808 1472 839 1519 ut
851 1460 919 1519 nihil
931 1460 963 1518 fit
976 1474 1110 1537 praeterea

245 1535 324 1593 nobis
338 1537 541 1611 requirendum.
580 1536 722 1594 Habemus
742 1535 803 1592 haec
826 1536 941 1594 omnia:
968 1538 1110 1601 bonorum

206 1641 208 1645 <
245 1609 362 1668 studium
378 1613 555 1670 conciliatum
568 1629 601 1669 ex
621 1612 781 1680 tribunatu,
801 1624 911 1687 propter
931 1613 1053 1672 nostram
1067 1615 1115 1693 (ut

244 1685 322 1760 spero
341 1699 369 1744 te
389 1688 556 1765 intelligere)
577 1687 707 1754 causam;
747 1686 820 1762 tutlgi
840 1705 871 1745 ac
905 1689 1110 1765 multitudinis,

228 1759 273 1802 '28
281 1776 391 1845 propter
426 1764 656 1840 magnificentiam
685 1781 830 1821 munerum
863 1763 1109 1856 liberalitatemque

92 1855 215 1904 liaeus.
243 1849 363 1897 naturae:
380 1841 548 1916 juventutis,
568 1840 789 1915 &gratiosorum
803 1840 831 1898 in
851 1838 978 1915 suffragiis
990 1842 1109 1917 lstudia,

244 1927 354 1992 propter
373 1916 452 1993 ipsius
467 1917 648 1978 excellentem
667 1917 697 1976 in
711 1935 746 1976 eo
766 1933 889 1993 genere,
908 1916 955 1976 vel
974 1920 1108 1992 gratiam,

1066 1998 1111 2059 vel

277 2199 313 2239 27.
331 2191 356 2231 In
372 2185 494 2248 quaomnia
507 2203 553 2233 mea
563 2185 638 2245 studia
650 2187 717 2249 postea
729 2186 767 2246 effe
776 2186 881 2245 decreras]
912 2188 966 2234 Nos
976 2183 1107 2237 &dionem

243 2246 312 2294 'allam
322 2247 396 2306 stadia
410 2264 439 2296 ex
450 2249 542 2298 vetustis
554 2249 671 2298 codicibus
684 2253 711 2298 dc
732 2263 756 2296 re
771 2247 820 2312 ipsa
839 2262 920 2297 vacare
942 2248 1106 2308 judicavimus,

243 2307 345 2373 ideoque
364 2310 499 2361 delevimus.
532 2313 595 2360 Dicit
605 2324 683 2360 autem
693 2313 775 2361 onmia
791 2310 830 2360 sua
843 2310 865 2360 se
879 2313 905 2359 in
919 2313 1013 2360 Milone
1029 2313 1107 2361 decre·

243 2367 300 2417 vilse
311 2370 386 2435 polita
396 2369 452 2430 esse,
468 2373 549 2430 idest,
566 2389 649 2423 onmes
659 2374 708 2423 suas
719 2374 839 2430 fortunas,
855 2376 880 2422 δι
891 2386 989 2422 omnem
999 2374 1053 2424 vitae
1063 2374 1105 2424 suae

244 2429 330 2482 statum
340 2436 373 2483 ita
383 2432 480 2484 voluisse
490 2437 514 2484 in
523 2436 568 2485 illo
577 2436 653 2502 posita
662 2434 720 2493 effe,
736 2450 761 2484 ut
772 2452 800 2485 erc
811 2437 853 2483 illo
864 2436 1004 2500 penderent,
1039 2452 1106 2486 uem·

244 2493 375 2546 admodum
388 2499 413 2546 in
424 2497 605 2548 Tusculanarum
621 2499 672 2549 Lib.
685 2516 707 2549 v.
724 2502 774 2562 Qa'
784 2514 853 2546 aurem
863 2499 927 2561 potest
943 2501 980 2561 effe
1000 2453 1064 2561 affers
1079 2503 1107 2552 da·

242 2561 338 2616 erecl‘us,
355 2563 380 2612 dr
391 2578 415 2607 ea
430 2577 474 2625 que
485 2566 565 2609 homini
574 2565 665 2610 accidere
677 2566 771 2624 possunt,
786 2565 858 2608 amaia
869 2575 939 2624 parva
949 2563 1022 2609 ducens
1052 2579 1107 2626 qua·

242 2621 285 2666 lem
296 2624 455 2684 fizpimaemeffi
465 2623 575 2687 volumus)
591 2625 633 2684 nifi
649 2629 720 2672 omnia
742 2627 771 2672 ali
787 2628 810 2671 in
826 2626 849 2685 se
866 2625 932 2686 postea
947 2627 984 2686 effe
1000 2642 1034 2671 cea
1046 2627 1106 2673 eliae

243 2682 335 2738 Eadem
344 2687 403 2734 ratio
415 2686 520 2736 estvocis
536 2687 597 2735 illius
615 2687 717 2748 Beneficia
747 2702 803 2735 uam
823 2688 901 2750 paucis
921 2685 987 2750 supra
1005 2686 1108 2737 versibus

244 2760 295 2792 non
304 2745 429 2796 necessario
438 2752 464 2797 in
473 2750 580 2798 oratione
590 2749 659 2799 sitam
671 2703 855 2815 (intelligebatur
870 2748 946 2812 enim)
963 2750 1086 2799 omisimus
1097 2769 1107 2808 ς

243 2804 282 2854 sed
293 2823 336 2856 nec
346 2825 374 2859 ea
383 2811 455 2859 etiam
465 2812 490 2861 in
499 2812 612 2860 veteribus
627 2811 690 2861 libris
700 2825 761 2861 erat:
778 2826 858 2860 verum
869 2812 944 2860 multa
953 2811 990 2859 his
998 2811 1109 2873 similia,

242 2885 294 2933 qua
305 2885 344 2933 per
355 2870 510 2936 sepatebunt,
525 2872 542 2921 sr
558 2877 609 2937 quis
625 2888 691 2923 acute
705 2874 824 2923 attendere
839 2874 904 2921 volet
920 2910 928 2932 ,
943 2873 1109 2934 transibimus,

241 2947 273 2980 ne
283 2933 403 2984 videamur
413 2950 441 2983 en
451 2938 547 2985 minutis
557 2937 666 2985 omnibus
676 2935 913 2986 animadversionibus
923 2935 1046 2985 ambitiose
1056 2938 1110 2986 lau-

242 2994 299 3045 dem
307 2997 369 3045 velle
377 3000 501 3063 aucupari,
518 3001 542 3047 &
557 3000 672 3048 lestorum
689 3001 714 3047 in
732 3001 788 3048 eniis
804 2999 894 3062 petrinas
908 2998 1028 3055 diffidere,
1045 3015 1110 3065 quo-

242 3074 295 3106 rum
308 3057 424 3123 speramus
434 3062 549 3121 majorem
557 3075 664 3125 purtem,
680 3063 705 3111 in
724 3065 782 3110 'cata
800 3075 894 3110 tautum
910 3065 1007 3126 antiqua
1025 3065 1052 3110 ἃ
1069 3065 1121 3112 in··

242 3135 349 3185 eorntpta
364 3122 481 3180 leslione,
497 3125 586 3186 reliqua
601 3139 640 3188 per
662 3124 684 3173 se
699 3127 866 3191 cognituram
883 3125 1005 3174 ambarum
1022 3122 1110 3179 saltem

241 3183 371 3232 lesbionum
383 3186 510 3235 collatione
519 3184 587 3236 falla.
624 3191 732 3238 Va'clarius.

275 3255 311 3294 28.
339 3253 425 3309 Propter
441 3250 615 3311 aaragnificenriam
630 3268 763 3306 muncrum,
793 3253 981 3315 liberalitatemque
1002 3259 1111 3313 nature]

244 3308 279 3354 Sic
292 3311 358 3359 Grut.
371 3311 425 3360 Pali.
439 3311 480 3361 sec.
492 3325 543 3360 tert.
557 3324 630 3376 quart.
644 3314 673 3362 ad
684 3314 834 3375 marginem
851 3316 925 3377 quint.
943 3313 997 3363 edit.
1015 3316 1109 3377 prima,

245 3371 353 3421 stewech.
370 3373 445 3422 Peckii
464 3376 586 3424 libertatem.
602 3375 659 3425 alias
674 3389 749 3442 quart.
766 3379 792 3429 in
812 3389 897 3431 remu:
918 3378 1112 3443 liberalitatemque

243 3436 355 3499 necesaria
365 3439 496 3498 juvaminis.
514 3436 630 3498 Gebhard

977 3518 1014 3560 29·
1033 3509 1116 3572 Atque
