2272 4020
244 221 765 299 LrnnnTettrros.
882 256 942 323 ¹49

70 334 200 398 laborem,
214 338 263 398 tibi
290 340 374 399 etiarn
394 340 496 399 honori
517 350 641 415 putarem
662 342 731 400 sore.
771 339 839 403 Illud
859 343 940 419 plane

71 412 186 473 moleste
204 415 280 484 tuli,
308 415 386 504 qubd
408 415 584 475 certiffimum
604 418 635 474 δι
651 416 823 491 justissimum
842 423 941 483 trium-

88 489 176 560 hum,
195 490 251 550 hoc
264 492 424 551 invidorum
439 492 552 551 consilio
567 489 620 549 esse
642 492 692 550 tibi
713 505 837 568 ereptum
860 498 939 558 vide-

103 584 144 626 nr,
182 566 270 643 Quod
281 579 313 626 tu
325 567 345 626 si
358 571 427 627 tanti
439 570 520 626 facies
536 611 544 637 ,
563 569 664 643 quanti
673 585 728 643 ego
747 570 853 645 semper
862 573 938 647 judi-

68 644 132 701 cavi
146 643 303 703 faciendum
319 641 388 703 esse:
409 645 491 703 facies
504 644 653 719 sapienter,
673 646 777 719 &ages
798 648 887 706 vietor
900 669 937 712 ert

68 718 248 779 inimicorum
282 721 380 787 dolore
414 721 585 795 triumphum
614 719 795 796 justislimum.
834 724 935 801 92Eg0

67 795 145 854 enirn
159 795 240 871 piane
253 796 338 857 video
359 798 437 867 sore,
456 797 563 867 nervis,
582 797 696 872 opibus,
714 797 843 873 sapientia
864 809 935 872 tua,

66 872 249 933 vehementer
268 884 300 931 ut
327 874 455 932 inimicos
475 885 536 932 tuos
562 875 695 949 poeniteat
716 876 935 950 intemperantiae

65 945 130 1006 suae.
168 951 252 1008 9³De
266 966 314 1007 me
328 949 377 1008 tibi
400 949 460 1021 fic,
480 951 632 1009 contestans
652 967 750 1008 omnes
765 951 848 1021 deos,
868 970 934 1026 pro-

47 1025 174 1094 ¹mitto,
194 1038 277 1103 atque
298 1024 434 1085 confirmo
451 1071 459 1097 ,
484 1042 531 1085 me
558 1044 609 1101 pro
629 1038 678 1084 tua
697 1026 828 1102 dignitate
843 1028 948 1107 (malo,

66 1101 144 1176 enim
159 1101 267 1172 dicere,
287 1119 370 1177 quam
385 1121 435 1178 pro
450 1101 565 1176 isalute)
585 1104 615 1160 in
628 1103 680 1159 hac
700 1105 866 1177 provincia,
886 1108 949 1166 cui¹
965 1095 1040 1149 salute

64 1186 98 1233 tu
111 1178 261 1250 praefuisti,
281 1178 406 1253 rogando
421 1220 430 1247 ,
449 1179 630 1252 deprecatoris
645 1201 653 1244 ;
674 1178 847 1250 laborando,
868 1199 932 1256 pro·
941 1170 982 1210 ‘²¹²
996 1165 1051 1225 MS,

64 1253 185 1330 pinqui;
205 1254 425 1325 araneolae,
452 1256 507 1314 cari
526 1255 647 1314 hominis
670 1254 719 1335 (ut
745 1256 835 1334 spero)
857 1261 932 1334 apud

580 1375 582 1381 .
892 1354 932 1397 cr-

61 1522 128 1584 and
140 1546 236 1591 κως,
252 1539 352 1595 Nonnete
361 1531 446 1595 miseret
454 1532 589 1580 meitanrum
604 1534 695 1582 laborem
711 1543 779 1596 capere
793 1532 816 1579 ob
825 1534 888 1581 talem
894 1534 928 1596 fi-

17 1628 19 1632 ⁷
60 1596 132 1653 lim,
147 1595 194 1645 hoc
204 1596 247 1647 est.
263 1609 357 1645 tantam
365 1595 513 1653 molestiam,
528 1602 672 1646 utDonatus
682 1598 787 1661 exponit.
804 1595 872 1646 Plura
881 1613 927 1648 no·
1021 1645 1026 1651 .
1095 1640 1101 1655 ,

62 1660 113 1706 tavi
124 1658 154 1708 ad
166 1658 289 1722 Justinum.
307 1663 379 1709 Grev.
523 1662 527 1669 '

94 1735 134 1776 92.
151 1728 193 1785 Ego
204 1727 261 1770 enim
283 1724 400 1770 lanctideo
411 1720 459 1780 fore
468 1726 540 1768 nervis
550 1734 598 1787 opus
605 1724 751 1786 sapientiaque
760 1727 818 1779 tum]
838 1721 928 1776 Nostra

60 1781 139 1847 leobio,
144 1797 239 1858 accepta
248 1737 281 1834 ed
289 1801 319 1834 ex
329 1784 422 1850 vetustis
432 1782 563 1842 codicibus,
578 1799 651 1858 quam
662 1800 705 1833 nos
715 1783 788 1856 longb
800 1785 926 1838 meliorem

60 1857 184 1909 putamus:
200 1846 226 1896 rd
235 1850 300 1897 enim
309 1849 406 1912 vulgata
415 1845 485 1895 verba
499 1847 560 1897 milri
574 1846 681 1897 videntur
695 1845 712 1894 li
747 1848 841 1904 incare,
858 1849 924 1912 quod

53 1922 114 1972 ‚non
123 1906 171 1963 esse
181 1909 234 1959 sartis
244 1909 452 1961 accommodatum
463 1907 647 1959 sensuiatbitror.
681 1913 708 1956 Vi
723 1928 744 1956 ee
758 1909 802 1959 tibi
816 1923 865 1972 opus
875 1913 927 1971 fere

58 1975 133 2019 nervis
141 1975 347 2038 sapientiaquem,
363 1969 442 2028 idest,
457 1970 535 2031 judico
551 1984 575 2019 te
591 1987 664 2020 omne
679 1970 780 2020 studium
793 1983 879 2028 tuum,
896 1977 925 2026 bt

22 2038 24 2042 '
58 2033 168 2086 laborem
184 2050 272 2101 ponere
287 2035 390 2093 debere,
404 2046 430 2082 ut
444 2034 533 2082 inimici
548 2034 583 2081 tui
597 2033 695 2082 doleant
710 2031 732 2082 se
752 2033 795 2081 tibi
809 2034 924 2086 molestos
978 2081 980 2086 ,

11 2156 14 2161 ι
57 2095 140 2161 fuiss'e:
157 2099 221 2163 quali
232 2098 313 2157 dicat,
329 2096 447 2147 nisrenim
456 2094 564 2146 omnibus
574 2094 660 2154 viribus
671 2110 800 2150 conarere,
815 2110 866 2143 non
882 2113 925 2148 eos
977 2142 985 2149 ,

123 2156 203 2218 ἐπει,
218 2161 300 2220 idest,
316 2176 367 2209 non
393 2156 453 2208 offes
462 2160 518 2208 illos
528 2156 620 2207 ulcisci:
636 2157 777 2225 quodnullo
790 2157 866 2207 modo
878 2162 927 2211 rni-
956 2176 960 2183 ·

78 2224 84 2234 '
100 2223 186 2288 plaeet.
203 2229 256 2274 Nos
267 2224 298 2272 fic
308 2224 369 2273 hunc
377 2176 460 2272 docum
469 2221 638 2287 intelligimus,
654 2226 707 2298 Ego
719 2221 828 2334 plane&
839 2221 927 2288 perspi-

56 2297 101 2334 eue
110 2287 181 2336 video
189 2286 242 2336 sore
250 2301 276 2337 ut
286 2289 438 2337 vehementer
447 2283 542 2333 doleant
553 2286 642 2334 inimici
650 2298 685 2334 tut
696 2321 704 2343 ,
729 2300 742 2333 e
751 2299 776 2332 tn
786 2295 810 2331 te
822 2295 874 2332 tarn
883 2300 927 2351 pe·

56 2349 161 2403 tulantes
170 2346 238 2400 titisse
244 2365 257 2398 r.
267 2362 338 2416 atque
346 2348 371 2399 id
388 2346 484 2413 quidem
500 2347 608 2397 existimo
622 2347 694 2398 sretus
710 2346 836 2413 potentia,
851 2349 926 2412 copiis

57 2414 85 2462 δι
96 2415 201 2475 sapientia
209 2424 263 2462 nra.-
279 2428 321 2462 eos
330 2413 397 2464 enim
405 2413 432 2460 iu
441 2423 466 2475 te
475 2427 550 2459 neruos
560 2414 587 2460 δι
597 2422 641 2472 opes
650 2414 713 2460 uideo
723 2423 748 2460 ut
764 2405 836 2474 pollis
845 2408 926 2474 digni-

39 2485 42 2538 j
57 2485 136 2524 tatem
145 2478 293 2532 mammeri,
309 2479 335 2525 δι
350 2474 426 2529 illos,
447 2473 512 2537 quod
526 2472 570 2524 tibi
584 2473 677 2524 molesti
692 2474 797 2529 suem,
811 2469 881 2520 facile
891 2473 924 2531 ad

57 2539 226 2601 poenitentiam
235 2539 348 2588 reducere.
383 2537 493 2586 Villorius.

88 2617 127 2659 93.
145 2601 259 2662 somnians
270 2618 337 2649 omnes
347 2601 413 2658 deon]
443 2603 463 2647 E
474 2597 566 2648 vetustis
578 2598 661 2664 paritet
679 2613 749 2649 exem
764 2600 849 2651 latibus
862 2603 925 2653 erud-

10 2711 12 2717 ,
56 2676 126 2722 mus,
142 2664 240 2714 meliore
273 2663 364 2712 rofetto
381 2661 502 2712 sententia
535 2662 678 2726 Metaphota
693 2614 798 2733 alitibus
811 2663 923 2728 sumpta,

56 2740 108 2790 que
120 2729 232 2788 contestata
260 2726 378 2776 icebantur
393 2739 447 2773 conr
461 2723 531 2774 verba
545 2724 587 2773 illa
602 2737 755 2790 pronunciata
773 2721 847 2775 essent
862 2726 923 2787 testes

55 2789 122 2849 estote.
158 2789 272 2848 Contestans
288 2784 407 2860 citansque
421 2784 490 2837 testes
508 2786 605 2835 cunctos
619 2786 694 2843 deos,
716 2802 760 2836 nec
776 2789 841 2839 euim
860 2789 923 2840 deo's

55 2867 124 2902 orare
134 2888 142 2911 ‚
158 2852 196 2904 sed
204 2853 282 2918 potius
292 2853 317 2900 in
326 2848 488 2898 testimonium
498 2862 583 2898 vocare
592 2847 721 2960 ofiortebat.
740 2853 851 2903 Vitlorias.
883 2860 921 2901 De

57 2932 89 2963 me
104 2917 148 2963 tibi
157 2917 189 2976 stc
202 2914 312 2974 contestans
326 2930 393 2970 omnes
407 2913 455 2958 deos
466 2916 580 2975 promitto,
595 2926 609 2960 e
642 2912 668 2961 in
680 2910 817 2965 ¹editionum
832 2916 922 2981 princi·

72 2993 98 3035 e,
113 2980 252 3042 invenitque
261 2977 377 3031 v-ittoriue
387 2976 412 3023 in
426 2971 477 3031 suis.
494 2973 599 3024 cetetbm
612 2972 643 3023 fic
658 2974 763 3040 expresse
775 2981 843 3027 Grut.
860 2979 920 3030 Pall.

55 2992 99 3091 dec.
108 3054 163 3091 tert.
175 3043 250 3106 quint.
264 3038 296 3089 ob
310 3034 477 3103 cor'npendium
491 3039 533 3088 scri
561 3039 621 3086 'onis
635 3038 734 3101 constans.
749 3038 791 3088 alii
804 3039 917 3100 obtestans,

56 3103 98 3151 alii
106 3104 181 3165 testans
191 3106 283 3168 utrique
291 3100 362 3151 male.
379 3099 410 3149 src
421 3102 506 3155 Cicero
547 3100 606 3149 biin
616 3106 725 3151 Verrem:
741 3108 797 3148 Deos
812 3105 917 3149 homines·

54 3183 96 3232 que
105 3164 216 3228 omnim
229 3166 394 3226 cremare-erepit.
411 3162 480 3212 Idem
488 3179 532 3230 pro
546 3162 648 3227 Flacco:
669 3168 746 3228 Qum
762 3180 795 3226 ege
810 3177 830 3209 ee
844 3165 918 3212 Flaeee

56 3232 129 3278 eoelrem
138 3244 195 3278 terra
234 3248 258 3276 ue
269 3227 440 3287 constansflms
448 3227 535 3285 flentem
546 3225 664 3286 obtestetur.
680 3225 755 3276 Recte
766 3237 846 3274 autem
854 3225 918 3278 hune

57 3293 205 3343 loumrexF
240 3292 428 3355 ointerpretatus
441 3288 606 3351 estvittorius.
623 3291 728 3339 Gebhard.
860 3336 868 3353 ,

88 3372 132 3417 94..
140 3360 271 3405 „Auctoritate
280 3356 325 3403 cari
333 3356 443 3410 hominia]
459 3353 496 3410 Sic,
503 3350 536 3399 est
544 3352 570 3399 in
580 3350 670 3401 omnib.
681 3351 764 3416 nostris
774 3344 828 3399 mff.
835 3351 860 3399 ὃ(
867 3349 917 3400 edl-

54 3418 305 3475 tionibsoldmind’nl.
313 3412 472 3464 stcufldoestb
481 3428 554 3463 manu
560 3412 657 3463 secunda
668 3416 721 3461 clari
730 3416 832 3469 neminis,
848 3413 917 3479 quod
990 3448 992 3452 .

13 3493 16 3500 “
52 3481 236 3549 improbandum
247 3480 415 3536 nonditetem,
431 3474 917 3527 modononerofioreufinntoreseteste
1000 3506 1001 3510 =
1076 3470 1081 3481 '

43 3560 160 3633 qnarretur.
192 3545 292 3600 cuum
304 3540 367 3609 apud
380 3539 433 3597 siros
441 3541 595 3668 profficialet
608 3536 631 3597 se
645 3536 731 3602 bussei
744 3538 818 3606 jaun
831 3538 918 3650 coedbo

175 3651 179 3661 .
226 3656 230 3662 ,
252 3644 278 3667 .‘
432 3656 436 3666 ,
906 3633 917 3663 3
