2272 4020
123 157 185 236 296
224 153 336 220 Ense.
360 170 411 217 nn
431 151 688 230 Tonounrou,
711 166 754 215 nr
776 166 933 218 cernuos

41 280 85 330 avis
124 270 284 343 cupiebam,
304 268 449 345 cquamvis
462 266 554 343 iniqua
568 263 749 334 conditione,
765 282 875 399 queem.
902 266 992 341 Quod

70 410 84 418 Η
125 343 173 403 etsi
197 346 276 416 casu,
296 364 352 404 non
369 344 537 403 divinatione
551 360 614 400 mea
629 342 764 401 faetume
801 364 808 401 z
828 354 927 401 tamen
940 338 990 400 din

41 409 82 492 ,⁴²¹⁴
123 422 176 478 hac
203 424 278 482 inani
305 421 458 498 prudentiae
487 419 567 478 laude
587 418 716 478 deledtor.
755 417 893 489 Deinde,
913 417 990 496 quod

43 504 50 517 ·
125 496 193 555 mihi
215 499 250 557 ad
269 498 489 557 consolationem
516 513 669 567 commune
696 508 790 554 tecum
813 494 875 565 est,
895 495 989 569 fijam

124 591 210 632 vocer
230 575 265 633 ad
285 576 389 633 exitum
409 575 499 643 vitae,
524 590 583 631 non
604 571 637 630 ab
659 590 691 630 ea
711 572 847 647 republica
869 571 989 641 avellar,

124 668 179 784 qua
193 652 341 710 carendum
357 648 410 709 elle
424 649 552 719 doleam,
572 648 719 724 praesertim
734 646 798 706 calm
819 648 849 706 id
862 647 919 707 stne
934 648 988 706 ullo
1029 707 1031 714 ,

41 755 75 791 sm
136 726 199 785 ensu
214 728 336 786 slrturum
350 726 389 784 sit.
428 724 552 800 Adjnvat
571 726 674 783 eetiam
696 736 783 792 aetas;
806 726 835 782 81
856 724 915 782 aua
931 725 988 799 jam

41 804 204 872 'nr15.vita,
225 822 288 879 quae
316 802 379 860 eirrn
401 802 477 859 cursu
497 801 545 858 suo
573 800 644 859 bene
671 801 803 860 confecto
824 800 988 879 deledlatur,¹

123 890 185 945 tum
199 890 273 951 vetat
286 880 315 936 in
330 897 365 938 eo
378 879 437 936 vim
451 878 549 935 timere
564 920 572 945 ,
592 875 650 952 qud
672 896 724 936 nos
740 877 800 953 jam
821 888 918 934 natura
938 876 988 952 ipse

144 954 206 1013 aene
219 955 381 1030 perduxerit.
419 951 561 1012 Postremo
577 995 586 1021 ,
605 953 626 1009 is
641 953 682 1010 vir
697 997 706 1023 ,
725 953 771 1013 vel
785 953 869 1010 etiarn
883 954 903 1012 ii
918 954 987 1023 viri,

124 973 181 1090 ioc
201 1032 273 1090 bello
286 1031 463 1099 occiderunt,
483 1043 514 1097 ut
526 1027 697 1104 impudentia
711 1028 851 1099 videatur,
872 1028 987 1089 eandem

125 1108 291 1176 fortunam,
324 1106 345 1164 fi
376 1126 418 1166 res
451 1118 555 1181 cogat,
582 1104 711 1165 recusare.
749 1105 891 1182 Equidem
925 1106 987 1165 milri

125 1185 219 1242 omnia
234 1202 385 1259 propono:
405 1201 458 1242 nec
477 1183 565 1241 ullum
586 1180 624 1239 est
642 1193 749 1241 tantum
771 1182 896 1252 malum,
915 1182 987 1261 quod

124 1276 184 1318 non
205 1272 301 1335 putem
322 1261 490 1337 impendere.
529 1258 583 1317 Sed
604 1275 668 1328 cunr
696 1259 755 1335 plus
781 1260 810 1325 in
837 1258 986 1329 metuendo

127 1337 192 1397 mali
213 1336 268 1406 fit,
288 1336 373 1414 quam
393 1338 422 1395 in
443 1335 500 1411 ipso
520 1335 592 1405 lllo,
611 1334 690 1411 qudd
704 1336 853 1405 timetur,
873 1334 985 1396 desino:

41 1426 94 1501 imp,
126 1413 275 1488 praesertim
290 1412 354 1471 cum
368 1410 567 1487 simpendeat,
593 1411 622 1470 in
642 1429 700 1487 quo
720 1430 779 1477 non
800 1410 893 1473 modo
913 1412 985 1483 dolor

127 1489 238 1557 nullus,
258 1489 354 1547 verum
369 1488 429 1547 sinis
444 1489 526 1547 etiam
542 1487 643 1547 doloris
657 1488 761 1545 futurus
775 1486 814 1546 srt.
856 1489 912 1548 Sed
930 1491 986 1547 haee
1029 1501 1031 1510 '

123 1564 182 1622 satis
197 1566 306 1634 multa,
318 1566 363 1623 vel
377 1565 453 1641 plura
472 1564 584 1641 potius,
611 1563 697 1698 quam
717 1562 825 1622 necesse
846 1566 912 1635 fuit,
930 1566 987 1631 satit

124 1653 290 1700 autemnon
310 1642 460 1720 loquacitas
480 1659 543 1711 mea
558 1684 567 1713 ,
584 1641 610 1698 se
648 1640 834 1711 benivolentia
853 1643 987 1719 longiores

41 1735 118 1781 111111.
128 1716 257 1793 epistolas.
298 1718 422 1777 Servium
455 1714 592 1791 discedisse
618 1717 759 1786 Athenis,
792 1716 911 1777 moleste
937 1718 988 1777 tuli.

125 1813 185 1852 non
200 1796 276 1853 enim
290 1794 402 1864 dubim,
422 1795 489 1871 quin
509 1810 618 1868 magnae
637 1792 685 1851 tibi
703 1792 837 1857 levationi
856 1793 989 1855 solitusfit

126 1866 180 1929 elle
195 1872 368 1946 quotidianus
382 1867 536 1947 congressus
553 1872 583 1928 &
605 1868 695 1927 sermo
709 1862 775 1927 curn
796 1870 989 1931 familiariffiuri

125 1947 269 2017 hominis,
289 1960 349 2006 tum
365 1966 384 2006 ο
403 1949 464 2010 timi
478 1948 508 2004 8<
521 1945 717 2021 prudentissrmi
737 1946 795 2003 viri.
834 1948 927 2006 ²³Tu
946 1965 989 2007 ree

124 2022 175 2081 lim
196 2035 275 2093 tete,
296 2037 326 2083 ut
354 1966 434 2082 deies
467 2025 496 2082 &
522 2021 589 2091 soles
614 2066 623 2091 ,
653 2034 700 2080 tua
727 2022 828 2093 virtute
856 2023 989 2090 sustentes.

125 2098 206 2173 Ego,
226 2118 289 2175 quae
303 2100 438 2168 revelle,
459 2116 577 2175 quaeque
591 2098 626 2156 ad
645 2110 697 2167 te,
721 2100 750 2157 &
771 2098 806 2155 ad
825 2109 891 2159 tuos
913 2101 990 2176 peni

124 2192 192 2233 nere
212 2176 381 2244 arbitrabor,
407 2178 501 2233 omnia
519 2172 636 2235 studiose
656 2174 854 2250 diligenterque
875 2178 989 2235 curabor

126 2267 191 2324 quae
205 2248 269 2306 eum
284 2253 399 2320 faciam,
419 2251 636 2309 benivolentiam
649 2263 727 2309 tuam
748 2268 811 2327 erga
832 2268 882 2310 me
903 2254 990 2328 inrita-

124 2324 193 2394 bor,
212 2326 308 2397 merita
323 2344 381 2386 non
394 2324 521 2404 assequar.
542 2326 622 2401 Vale.⁴
782 2334 785 2339 '

398 2512 657 2560 Erlsroun
688 2513 717 2559 Vr

154 2634 204 2680 Au
211 2635 241 2681 G.
276 2636 312 2682 A„
332 2634 450 2689 cecinam,
466 2639 506 2696 qui
515 2654 555 2682 nen
570 2636 630 2681 mode
643 2646 713 2681 contre
729 2633 828 2695 referrem
842 2648 881 2699 pre
896 2640 989 2700 Penrpey'e

118 2702 263 2758 pugnaverat,
279 2712 356 2741 verum
366 2699 432 2742 etiam
442 2699 481 2743 illi
486 2731 494 2753 ,
509 2700 564 2744 edite
575 2699 628 2744 libre
641 2730 648 2752 ,
664 2698 804 2743 medone
815 2731 823 2754 ,
835 2705 911 2760 patrie
921 2716 988 2747 ceren·

120 2770 163 2804 tem
174 2759 302 2817 consolatur,
318 2758 405 2819 beneque
417 2760 500 2822 sperare
509 2763 569 2820 jubet
584 2762 609 2806 de
616 2760 712 2819 fortunis
721 2762 770 2820 suis
780 2777 807 2807 ac
821 2762 883 2821 dese
900 2764 950 2825 ipso.
964 2768 988 2809 In
1029 2771 1031 2780 '

121 2832 214 2865 extrema
226 2820 429 2880 epistelapellicecue
443 2822 511 2883 efficia
521 2825 563 2883 sue
576 2855 584 2878 ,
599 2835 701 2886 tanquam
719 2826 797 2870 eeeine
814 2829 900 2872 meritis
911 2828 937 2877 ἐπ’
952 2843 987 2879 νς-

120 2881 178 2943 tuste
194 2882 264 2928 debita
278 2881 425 2944 eeceffitudini.
463 2888 548 2949 Scripta
563 2886 732 2950 videturpaulle
743 2900 792 2932 anre
805 2902 872 2950 quem
891 2891 954 2949 cesar
967 2891 988 2934 iu

914 2950 988 3014 aee

122 3081 224 3132 Taleest
240 3082 279 3132 lib.
294 3097 314 3131 1.
336 3081 366 3129 nd
382 3085 453 3134 Attsc.
471 3101 506 3150 ep.
518 3094 552 3136 16.
575 3088 726 3151 Tertemphebae
742 3090 866 3149 Heetenfius
877 3092 902 3151 se
915 3088 987 3151 vidiffl

121 3158 225 3201 caerem,
241 3145 265 3194 id
280 3145 313 3195 est
328 3157 379 3192 tam
394 3146 454 3196 bene
471 3148 593 3213 providisse
609 3153 634 3199 &
652 3149 795 3201 consuluisse
819 3154 842 3211 J.
855 3158 882 3202 F.
895 3157 985 3201 Gronov.

122 3212 160 3256 lta
171 3207 264 3258 1111111.
283 3208 312 3257 ad
324 3212 396 3271 Attic,
409 3225 578 3277 ep.14‚20,e4.
596 3213 635 3263 lib.
643 3228 665 3263 x.
683 3229 747 3278 ομ
765 3217 886 3266 Farnilinr.
905 3215 943 3266 lib.
950 3229 985 3275 rr,

121 3280 386 3396 ep0213r.Tucqpeqqmm'
402 3338 512 3394 urdebes,
533 3340 559 3390 dr
566 3342 637 3401 seles,
652 3339 692 3388 tui
708 3341 926 3401 virtutefustenter.]
954 3346 986 3389 ln

122 3394 194 3447 Palae.
203 3408 259 3466 ¹tert.
274 3403 341 3449 Grut.
354 3401 538 3455 stewechianus.
551 3401 637 3469 vulgo,
652 3406 798 3462 revellente,
813 3417 839 3454 nt
848 3406 916 3456 debes.
933 3400 986 3455 illud

121 3455 242 3513 efficacius.
260 3462 364 3517 Gebhard,

885 3532 990 3593 2⁴09&
