2272 4020
225 196 287 260 ²44
344 171 457 237 Errsr.
474 184 525 232 nn
545 165 770 244 Marsorum,
792 182 835 232 rrr
856 179 1010 232 carruos

226 280 303 348 iiras,
322 277 408 355 quim
422 279 575 338 Herculem
588 277 820 353 Xenophontium
832 278 910 336 illurn
930 278 947 336 a
967 280 1097 355 voluptass

225 366 269 412 te:
291 354 356 413 easr
374 373 420 412 me
434 354 483 413 tibi
496 352 686 415 vehementius
700 354 908 412 commendabit
923 397 932 425 ,
951 372 987 413 ne
1008 356 1098 431 asper·

78 450 149 498 aaut
226 448 317 500 nere;
338 433 483 509 amorique
503 432 614 501 nostro,
633 428 784 507 plusculum
806 432 889 489 etiarn
909 431 996 507 quim
1010 444 1098 493 ²con-

78 509 193 560 concedit.
213 506 310 565 'cedet
337 508 458 593 veritas,
482 508 602 585 largiare.
627 504 727 594 'Quod
747 507 768 567 fi
792 518 821 565 te
841 506 1049 597 badduccmus,
1069 522 1098 567 ut

77 572 93 621 b
110 572 212 621 adduce.
230 582 286 640 hoc
298 582 442 659 suscipias:
463 585 514 643 erit
533 586 575 661 (ut
595 584 664 643 mrhr
683 582 844 659 persuadeo)
864 596 991 643 materies
1018 584 1099 661 digna

78 639 218 758 {effifffi
231 659 360 745 fsctdtate
387 662 416 718 &
443 660 524 736 copia
549 672 624 719 ‘tua
662 660 691 719 A
717 661 851 735 principio
874 661 951 717 enim
972 662 1100 737 conjura·

78 776 93 806 α
103 764 156 810 MS.
232 736 314 793 tronis
327 736 411 812 usque
424 735 459 793 ad
480 736 598 794 reditum
612 736 735 794 nostrum
755 737 862 795 videtur
882 736 951 795 mibi
970 735 999 791 ⁶5
1009 738 1098 797 modi·

233 828 299 868 cum
313 810 454 887 quoddam
468 829 566 886 corpus
579 811 680 869 confici
693 808 783 886 posse:
803 813 833 870 in
847 829 905 888 quo
919 812 950 870 δι
963 813 1008 871 illa
1020 826 1100 889 pote·

233 888 267 944 ris
280 889 320 944 uti
335 886 456 945 civilium
471 889 725 946 commutationum
744 888 854 947 scientia
872 931 881 958 ,
900 887 945 945 vel
965 890 996 947 in
1016 890 1101 966 expli·

233 964 326 1020 candis
340 961 422 1020 causis
436 982 527 1022 rerum
548 980 710 1032 novarum,
729 964 773 1021 vel
793 965 821 1023 in
843 964 969 1023 remediis
991 965 1100 1026 incom-

82 1054 217 1101 P.valm
233 1038 400 1107 modorum,
421 1038 485 1097 cirnr
506 1043 536 1098 &
555 1038 736 1115 reprehendes
755 1057 787 1097 ea
809 1082 817 1109 ,
837 1058 900 1116 quae
921 1042 1101 1115 vituperanda

234 1113 332 1179 duccs;
354 1116 400 1182 dc,
419 1134 485 1191 quae
499 1117 659 1192 placebunt,
679 1116 848 1191 exponendis
862 1118 1011 1176 rationibus
1022 1136 1100 1179 com-

84 1206 157 1254 ant,
234 1190 375 1263 probabis,
395 1194 441 1260 dc,
461 1191 481 1248 fi
501 1192 608 1251 libcriirs
623 1234 632 1261 ,
650 1202 682 1248 ut
695 1190 870 1261 dconsuesti,
896 1193 1038 1268 agendum
1052 1212 1101 1271 pu-

83 1268 179 1342 conlue-
235 1266 319 1334 tabis,
340 1269 492 1326 multorum
514 1270 543 1327 in
563 1286 614 1326 nos
634 1267 775 1344 perfidiam
791 1311 799 1337 ,
818 1267 946 1338 insidias,
966 1270 1101 1344 proditio-

85 1330 143 1381 l1st1·
235 1358 302 1398 nem
317 1344 430 1400 notabis.
467 1344 587 1401 Multam
601 1347 684 1403 etiam
699 1344 771 1402 casus
782 1344 864 1402 nostri
877 1345 925 1401 tibi
939 1347 1100 1407 varietatem

235 1417 417 1475 inscribendo
432 1419 638 1495 suppeditabunt
655 1463 664 1489 ,
682 1421 792 1495 plenam
814 1420 954 1495 cujusdam
975 1423 1102 1500 volupta-

234 1493 291 1562 tis,
310 1493 410 1570 ⁶⁶quae
430 1497 611 1555 vehementer
631 1497 738 1555 animos
757 1497 905 1557 hominum
916 1498 955 1583 ¹in
981 1498 1102 1634 leigendo

1015 1578 1102 1653 cripte

266 1722 304 1773 65·
320 1716 432 1764 Modicam
441 1720 531 1779 corpur]
545 1719 599 1764 lloe
610 1710 655 1770 est,
672 1711 774 1769 libmm,
795 1712 916 1763 volumen.
943 1717 973 1765 ln
990 1728 1017 1765 rr
1029 1712 1102 1781 adq.

234 1780 354 1836 Fratrem,
370 1795 406 1843 ep.
415 1795 449 1828 12.
467 1781 509 1826 Sed
520 1793 577 1827 utros
587 1781 631 1838 ejus
640 1780 735 1825 habueris
750 1780 814 1825 libror
831 1777 883 1839 (dur
898 1781 956 1823 enim
967 1780 1022 1839 sunt
1036 1792 1101 1843 corpe-
1121 1800 1125 1807 ·

236 1840 274 1903 ra)
289 1860 317 1889 an
340 1844 436 1905 utrosque
451 1844 524 1903 nescio.
546 1843 635 1889 Vitrtlv.
663 1847 714 1888 Cum
734 1853 804 1904 corpus
821 1841 961 1887 arcirr'ret‘sura
981 1842 1099 1901 scriberem.

236 1904 331 1955 Eodem
342 1904 416 1954 modo
427 1906 512 1954 Graecis
524 1902 691 1960 edundicitur,
707 1904 733 1950 δι
745 1901 871 1954 consutor.
888 1903 939 1951 Cic.
952 1917 989 1953 vr.
1006 1903 1038 1953 ad
1049 1910 1098 1953 Art.

238 1975 434 2031 ep.1.Hoctuum
444 1970 515 2018 σῶμα
532 1967 604 2013 curabo
621 1980 645 2013 ur
660 1967 740 2013 bareas.
764 1962 861 2029 Hesych.
885 1965 952 2017 i'mdc
969 1968 1000 2013 ‘ri
1017 1968 1100 2030 o‘ptpc

239 2032 365 2081 suadeor.
398 2032 468 2079 Sic&
482 2037 555 2090 Corpus
567 2029 642 2087 Juris,
658 2027 744 2076 eodem
756 2026 827 2077 sensu.
843 2030 952 2077 Gravius.

271 2101 308 2141 66.
328 2096 382 2156 Qa
404 2096 532 2138 vehementer
550 2095 631 2138 animos
646 2094 755 2137 bominum
775 2095 799 2137 in
818 2092 900 2153 legendo
915 2092 995 2152 scripto
1017 2094 1103 2139 retiam

233 2155 313 2217 posin]
328 2154 412 2203 Codex
426 2169 503 2208 nicus,
520 2167 591 2215 quem
600 2153 703 2217 primum
713 2150 778 2201 soleo
788 2154 931 2208 nominare,
948 2154 974 2202 δι
991 2152 1102 2203 sane'bo-

236 2220 330 2271 nitate,
350 2213 541 2264 srdiscefferimus
555 2228 570 2262 a
587 2212 716 2271 Medieeo,
736 2217 823 2279 primus
838 2214 870 2263 est
889 2218 1001 2263 omnium
1022 2230 1103 2267 mrim

238 2292 299 2341 quos
311 2278 354 2325 viri
368 2277 433 2325 dom
453 2277 577 2333 viderunt,
599 2280 671 2340 aperit
687 2276 796 2325 vitiosam
812 2276 879 2339 hujus
894 2277 943 2326 loci
958 2274 1103 2343 scriptum,

237 2344 266 2388 ln
276 2338 321 2387 illo
331 2340 395 2388 enim
404 2338 436 2387 fic
445 2352 565 2388 exaratum
576 2341 673 2396 inveni,
693 2356 738 2405 qua
753 2344 882 2387 veliementer
895 2344 979 2386 animos
995 2346 1102 2391 hominm

238 2406 263 2449 in
277 2403 358 2464 legendo
375 2416 395 2449 te
408 2405 509 2466 scriptore
522 2415 588 2450 tenere
604 2401 670 2475 poffit.
704 2405 792 2451 Primus
812 2416 907 2467 quoque
929 2403 1069 2463 Palatinus,
1081 2408 1103 2453 ἐι

238 2465 320 2527 legenda
331 2479 351 2511 te
361 2467 445 2527 scripto.
479 2466 542 2514 Hinc
557 2467 658 2527 conjicio
670 2466 811 2513 Ciceronem
829 2460 954 2528 scripsisse,
970 2472 1055 2515 animos
1069 2472 1102 2515 ln·

239 2532 323 2576 minum
341 2533 364 2574 in
378 2529 459 2591 lcgendo
476 2542 496 2574 re
509 2540 576 2574 tenere
592 2528 657 2590 poffit.
679 2530 779 2590 scriptore
794 2525 826 2574 est
841 2530 1004 2591 interpretatio
1024 2536 1054 2580 ‘ri
1069 2546 1103 2587 te,

238 2605 290 2654 quae
300 2591 401 2654 margini
414 2589 494 2639 addita
510 2589 538 2637 ab
554 2593 696 2654 interprete,
712 2603 750 2638 aut
766 2604 824 2637 voce
840 2586 945 2653 superseri
964 2605 990 2638 ta
1004 2594 1031 2642 in
1047 2608 1102 2643 con·

238 2665 332 2701 textum
346 2650 453 2717 irrepsit,
473 2650 551 2716 postea
566 2668 621 2701 cum
631 2653 699 2701 valde
716 2649 838 2701 absurdum
852 2666 891 2701 aut
908 2606 1005 2701 nulium
1029 2658 1102 2720 potius

237 2712 329 2763 sensum
340 2730 459 2778 pareretea
471 2730 534 2771 vox,
549 2731 603 2763 cum
617 2730 637 2763 te
647 2714 773 2775 conjuncta
788 2718 813 2764 δι
828 2715 912 2762 ultima
927 2713 1020 2778 syllaba
1036 2714 1103 2767 divisa

238 2776 291 2833 est,
308 2795 330 2823 re
340 2776 432 2825 adharsrt
444 2778 498 2826 voci
507 2776 628 2841 sequenti,
654 2792 674 2824 re
685 2793 740 2827 vero
751 2778 821 2840 plane
837 2777 950 2827 exolevit.
985 2784 1017 2827 Te
1032 2784 1104 2845 legen,

240 2852 266 2888 ut
278 2856 310 2886 me
323 2841 386 2901 legere
395 2841 456 2904 apud
466 2839 536 2889 Ovid.

370 2906 460 2965 Siquis
476 2908 498 2949 in
516 2907 552 2948 bac
566 2918 632 2951 artem
645 2905 718 2966 papula
736 2921 776 2949 non
791 2904 853 2948 navit
866 2902 974 2961 amandi,

401 2968 440 3010 Me
455 2967 522 3026 legat:
539 2967 565 3017 dr
582 2968 631 3012 lesio
646 2970 738 3012 carmine
753 2967 824 3012 dot'dus
838 2978 902 3013 amet.

239 3031 296 3078 Ete
313 3026 447 3091 ,sappirum
464 3042 530 3085 v.41.
546 3033 582 3074 Ar
595 3046 628 3074 me
638 3047 685 3075 cum
695 3030 776 3090 legeres.
791 3040 817 3075 ut
833 3026 896 3075 retie
911 3027 1052 3081 emendarit
1067 3028 1103 3079 vit

238 3090 270 3139 lll
305 3092 349 3145 ris,
365 3104 392 3138 ac
402 3086 486 3137 summi
495 3090 583 3154 ingenii
594 3094 619 3140 δι
629 3090 765 3140 enrditionis
775 3090 887 3138 Nicolaus
899 3089 1008 3139 Heinsius
1020 3127 1028 3151 ,
1045 3090 1103 3143 &de

240 3154 316 3215 patria
328 3150 385 3209 sua,
402 3155 427 3201 δι
439 3151 468 3199 de
477 3152 607 3201 litterarum
621 3152 713 3209 studiis,
738 3156 762 3202 δι
779 3152 808 3200 de
824 3167 864 3199 me
874 3152 998 3215 praeclare,
1013 3154 1032 3205 ii
1046 3150 1102 3221 quis-

240 3228 327 3277 quam,
341 3216 443 3265 meritus.
460 3220 535 3262 Tenere
549 3228 629 3263 auteur
645 3215 764 3280 saepillime
779 3215 811 3263 etl
834 3213 970 3272 detestare,
985 3218 1104 3285 voluptate

240 3274 339 3325 afficere.
357 3278 449 3327 Cic.1v.
465 3277 539 3327 Acad
558 3280 670 3327 ordln'bira
680 3298 729 3326 vera
745 3281 891 3325 exercitatione
901 3280 927 3331 dy
941 3293 1009 3337 arte,
1025 3296 1051 3329 ur
1060 3294 1104 3327 ot!-

240 3339 261 3382 Ir'
267 3342 351 3399 putum
362 3355 482 3398 teneantur,
497 3358 558 3387 aures
568 3344 674 3396 cantibus,
690 3347 738 3405 quis
754 3340 800 3399 est,
816 3344 856 3404 qui
870 3354 961 3397 cernat,
976 3358 1059 3406 quam
1071 3342 1103 3389 νὺ

239 3398 268 3457 ost
278 3402 301 3445 in
318 3402 409 3460 (sufibus.
427 3403 461 3454 ld.
472 3419 493 3452 v.
511 3403 541 3451 de
550 3407 566 3451 F
569 3404 600 3453 in.
617 3411 651 3453 vt
662 3417 752 3466 pompa,
762 3404 820 3448 ludis
834 3416 898 3465 atque
907 3404 1015 3463 ejusmodi
1028 3406 1102 3469 sparsit·

239 3464 295 3513 catis
303 3474 419 3514 terreamur.
437 3467 495 3517 t’lm
503 3480 536 3517 tv.
551 3481 588 3529 ep.
598 3481 634 3524 13.
650 3468 701 3531 Q⁰
708 3483 781 3530 gerere
787 3465 902 3531 spirituali
912 3484 936 3513 m
946 3466 1104 3577 Ιηιᾘῖηἴ,
