2272 4020
217 184 241 245 ρ
358 162 615 235 Errat-an
649 156 951 236 Lautorum

106 321 116 331 -
218 284 344 344 acerbam
358 299 463 363 putem.
482 285 605 346 Incausa
617 286 679 345 haec
693 286 761 348 sunta
788 267 977 357 Ammonius,
994 275 1086 366 2ιε’ςίἰ
1126 330 1132 369 4

217 362 340 438 legatus,
359 362 451 440 aperte
472 364 658 439 pecuniarios
678 377 826 447 oppugnat,
852 369 909 441 Res
930 366 1017 442 agitur
1035 378 1086 440 per
1122 363 1132 445 '3

76 443 214 512 etampeti-
223 438 334 499 eosdem
347 440 531 510 ccreditores,
569 457 597 497 er
610 459 698 518 quos,
713 442 778 503 cim
789 455 822 502 tu
834 442 926 505 aderas
935 441 1087 517 ,agebamus

75 526 145 623 ᾗῇ
214 516 305 592 Regis
318 517 418 587 taust,
443 514 527 594 liqui
548 528 616 589 unt,
633 520 807 598 qui-velim,
822 517 891 597 dqui
908 519 990 595 pauci
1008 517 1087 584 sunt,

75 608 150 701 tiqui
164 648 200 686 ta*
1026 609 1088 653 ⁰¹³¹*
1121 674 1125 681 -

77 702 196 751 mantilia
223 735 284 785 rium
297 731 455 847 Epistolantm
471 725 664 808 appellabantur,
684 746 715 785 ne
729 735 792 787 forte
808 737 891 802 aliquis
906 748 950 784 nos
965 732 990 784 id
999 747 1088 783 temere

223 794 301 848 fecifl'e
319 797 444 872 uspicctur,
459 796 491 845 ob
501 796 572 861 rdque
581 799 648 846 malit
663 798 787 857 usitatam,
803 804 828 851 δι
838 809 955 865 receptum
965 801 1014 861 iam
1023 810 1087 845 erro·

223 859 299 911 rems
324 877 365 917 ιιι,
381 875 454 924 quam
467 873 534 909 vetut
549 863 575 911 lc
584 859 723 971 ¹lelprtimum
735 866 827 912 nomen
840 863 924 913 hanun
937 859 1088 925 epistolarum

223 939 322 988 compro
338 937 382 971 ate.
416 927 481 971 Nam
496 935 550 969 cum
566 923 607 972 nah
641 922 668 972 lit
684 925 709 971 in
724 924 760 972 his
770 922 835 974 libris
844 926 1008 979 immutatum,
1023 923 1087 983 cujus

224 1002 275 1034 non
285 985 396 1050 possimus
408 984 426 1032 li
436 1001 486 1033 non
496 999 595 1043 veram,
627 985 756 1039 tobabileur
771 1001 853 1038 tarnen
869 988 971 1052 aliquam
985 981 1087 1034 cauffam

223 1048 335 1098 reddere:
352 1046 456 1096 videmur
471 1063 503 1112 qu
538 1064 566 1098 ue
580 1002 649 1098 nobis
662 1049 729 1110 buius
744 1051 778 1099 rei
792 1064 929 1114 argumenta
944 1051 970 1097 bt
984 1049 1088 1097 rationes

224 1127 275 1160 non
285 1109 468 1160 contemnendas
478 1126 510 1175 po
530 1127 543 1160 e
554 1111 679 1169 adducere,
695 1127 746 1176 quae
757 1110 817 1160 salso
833 1115 931 1177 nomine
939 1111 980 1161 has
996 1109 1059 1159 diua

224 1175 323 1241 pellatas
334 1170 378 1222 else
389 1171 526 1230 ostendant,
542 1177 568 1224 δι
584 1175 707 1224 confilium
722 1173 893 1223 nostrtun'non
907 1172 1042 1248 reprehendi
1065 1182 1087 1219 1-'
1125 1190 1128 1195 ·

225 1250 298 1292 nant,
313 1233 388 1299 quiid
398 1234 562 1287 induxerimus.
580 1253 630 1286 non
640 1251 719 1298 autem
733 1237 758 1286 id
772 1235 877 1287 novandi
891 1252 919 1284 cu
936 1236 1016 1284 rditate
1026 1235 1089 1299 capti

225 1298 337 1355 fecimus,
353 1295 392 1347 sed
403 1301 480 1363 potius
491 1299 582 1349 sincerae
602 1303 773 1365 &incorrupta
784 1298 900 1349 vetustatis
926 1297 1088 1348 efideriomo-

221 1361 548 1489 tramittam
557 1377 571 1410 ²
581 1356 1090 1476 armemanensis

224 1486 256 1536 nb
272 1488 323 1537 aliia
339 1488 478 1544 Ciceronis,
494 1491 520 1537 δι
536 1490 640 1537 maxime
657 1488 686 1537 ab
701 1487 755 1546 his,
771 1504 822 1553 quae
838 1487 868 1537 ad
884 1488 990 1541 Atticum
1006 1484 1090 1550 scripta

225 1548 297 1606 sunt,
312 1549 494 1624 distinguerent,
509 1565 599 1600 nomen
614 1551 672 1600 illud
686 1547 851 1616 excogitatisse
862 1567 869 1599 ι
875 1549 951 1662 effi
966 1563 1038 1622 quarn
1054 1546 1089 1597 sai

244 1614 316 1660 'enter
326 1612 435 1668 fecennt,
451 1613 491 1661 alii
502 1615 597 1676 majoris
612 1615 754 1664 auetoritatis
769 1615 811 1663 viri
851 1614 876 1662 di
950 1625 967 1662 t.
1000 1615 1089 1661 Sumus

237 1689 281 1748 ane
291 1673 412 1748 quoddam
422 1672 571 1748 epistolarum
581 1690 654 1741 genus
663 1677 778 1727 familiare
788 1677 849 1725 reste
864 1676 1014 1785 appellari&
1030 1673 1090 1730 dici,

224 1752 291 1797 curus
301 1750 373 1786 etum
399 1753 473 1786 enerrs
484 1740 603 1788 nonnulla
613 1739 660 1787 hoc
674 1741 795 1789 volumine
809 1737 882 1802 episto
893 1754 910 1785 ae
926 1749 1089 1793 continentur,

225 1814 277 1847 non
287 1813 368 1848 tamen
378 1815 394 1848 o
419 1799 444 1848 id
453 1813 537 1849 omnes
546 1804 579 1849 ita
588 1801 730 1866 appellandae
742 1837 749 1858 ,
764 1817 818 1850 cum
827 1802 931 1866 plutima
940 1797 986 1848 fiut
996 1798 1027 1847 de
1037 1813 1090 1864 gra-

225 1861 293 1910 vibus
305 1865 330 1912 δι
341 1864 433 1926 magnis
439 1861 508 1921 rebus
519 1862 611 1912 sunnno
627 1865 726 1914 artificio
741 1862 833 1928 scripta.
866 1861 964 1924 Quodsi
976 1862 1030 1910 ullis
1039 1862 1090 1936 epi-

227 1920 340 1973 stolarum
353 1924 511 1974 voluminibus
526 1925 563 1975 hic
577 1928 657 1976 titttlus
672 1928 826 1983 conveniret,
840 1927 915 1976 vetius
929 1925 976 1974 hoc
990 1939 1090 1973 nomme

226 1989 339 2052 appellari
348 1986 438 2052 pollent
450 1988 510 2046 illa,
542 2005 575 2037 ua
591 1988 620 2038 ad
636 1992 742 2039 Atticum
757 1988 902 2039 familiariter
917 1985 1002 2052 scriprae
1023 1985 1090 2035 sunt:

246 2067 279 2099 ua
289 2051 343 2106 licet
354 2053 379 2105 δι
394 2049 446 2116 ipsa
461 2050 518 2115 saepe
548 2068 562 2100 e
576 2051 672 2114 publicis
686 2052 752 2103 rebus
767 2066 851 2118 agant,
867 2048 995 2101 remiffiore
1008 2061 1091 2098 tamen

276 2112 386 2163 solutiore
406 2128 490 2178 genere
511 2114 603 2163 dicendi
623 2129 736 2170 utuntur,
753 2117 779 2164 δι
794 2115 887 2163 minore
903 2127 952 2163 arte
973 2116 998 2162 &
1014 2111 1091 2179 studio

79 2200 87 2217 ι
158 2182 160 2187 “
226 2175 315 2241 scriptae
326 2176 396 2232 sunt,
411 2176 535 2240 quomodo
545 2177 670 2231 smnillares
685 2180 746 2228 inter
762 2175 788 2225 se'
799 2177 907 2233 homines
923 2174 1017 2225 scribere
1031 2190 1090 2223 con-

227 2237 355 2289 sueverunt.
377 2245 431 2287 Hoc
441 2251 520 2287 autern
531 2237 560 2288 ab
570 2239 621 2289 aliis
631 2238 718 2290 disertis
729 2242 755 2289 δι
765 2237 909 2306 elegantibus
919 2239 972 2286 viris
982 2237 1091 2287 animad-
1104 2258 1107 2269 ·

227 2301 320 2351 versum
335 2299 380 2351 esse
402 2302 412 2366 (
430 2299 495 2350 uibus
515 2302 600 2351 merito
616 2303 704 2367 semper
724 2302 771 2352 hoc
786 2316 876 2351 nornen
891 2300 1019 2374 sulpeslum
1033 2299 1090 2365 ficit)

227 2371 376 2429 compertum
385 2317 505 2413 hasemusr
538 2366 617 2413 Movit
628 2380 707 2414 autern
717 2380 761 2413 nos
771 2367 919 2419 marimens
930 2361 1091 2429 rdrepudlare·

227 2442 288 2541 ffippl
289 2463 304 2501 ,¹
312 2426 377 2501 quoti
386 2429 412 2476 in
426 2426 497 2537 mustis
512 2426 685 2501 manuscriptis
702 2425 1092 2540 pppetltp‘antiquiorplppptncpdincppptp

298 2505 443 2546 invenimus,
496 2504 596 2539 ommno
607 2507 696 2541 novum
803 2506 836 2539 nu
865 2505 906 2538 ro
997 2506 1014 2539 o

227 2548 318 2603 ueceffc
327 2551 363 2603 iit.
381 2557 446 2611 Nam
456 2553 481 2601 in
491 2555 588 2621 egregie
598 2557 623 2604 δι
634 2546 734 2619 probata
745 2505 864 2611 vertitatis
872 2554 1014 2617 exemplari,
1025 2542 1091 2616 qn'od

228 2617 316 2665 merito
327 2614 415 2690 semper
426 2613 518 2681 sunnia
530 2617 673 2667 aumoritatit
683 2615 744 2681 apud
753 2621 798 2665 n'os
808 2615 866 2673 fuit,
882 2617 974 2664 nullum
984 2615 1015 2664 est
1025 2615 1092 2676 hujus

228 2680 293 2727 bocia
304 2675 360 2726 velli
377 2694 433 2728 rum.
466 2679 679 2728 Animadvertimus
689 2682 762 2730 etiam
773 2716 780 2737 ‚
796 2679 862 2746 quod
870 2686 922 2728 rem
932 2681 1022 2744 penitus
1033 2695 1091 2728 con-

229 2741 324 2814 firmare
333 2694 437 2797 visatur,
452 2742 543 2790 anullo
552 2758 657 2816 unquam
666 2755 771 2792 veterum
781 2738 915 2799 coelorum,
926 2745 951 2791 bc
962 2744 1028 2814 noni
1065 2757 1091 2788 o-

228 2799 314 2853 bilrum
324 2806 551 2861 Grammaticorum,
568 2821 609 2871 qur
618 2803 697 2856 crebro
710 2804 871 2855 testimonium
886 2805 969 2854 harum
984 2820 1012 2868 ep
1040 2804 1091 2852 ola·

228 2872 282 2915 rum
290 2865 422 2923 adducunt,
436 2867 490 2914 illas
499 2866 625 2917 familiares
635 2868 758 2934 appellari,
773 2865 812 2917 sed
822 2877 851 2918 e'o
859 2875 931 2932 quem
941 2880 984 2913 nos
995 2866 1092 2914 restitui·

228 2942 282 2976 mut
289 2929 363 3002 pitulo
373 2931 398 2978 bc
408 2930 514 2978 nomine.
547 2933 579 2980 lli
589 2928 640 2979 sunt
653 2966 660 2988 ‚
676 2936 706 2980 Δ.
719 2931 810 2980 Gellius
820 2966 827 2989 ,
844 2927 937 2980 Nonius
947 2929 1073 2985 Marcellus
1084 2962 1092 2984 ,

210 3033 213 3037 .
228 2990 366 3048 Priscianus,
382 2992 423 3056 qui
438 3007 487 3040 non
502 2991 544 3041 has
560 2991 653 3050 solum,
669 2994 821 3043 verumetiam
836 2992 924 3041 multos
946 2990 1004 3038 alios
1019 2989 1092 3039 libros

228 3053 379 3117 epistolarum
389 3070 403 3102 a
413 3059 449 3107 M.
462 3054 542 3104 Tttllio
552 3052 686 3121 scriptarum
700 3058 773 3105 citant
785 3091 793 3112 ,
809 3058 849 3121 qui
860 3050 889 3105 ab
900 3061 929 3103 eo
939 3049 1027 3116 semper
1039 3089 1046 3110 ,
1063 3051 1093 3101 acl

230 3125 303 3180 quem
314 3115 384 3168 miffar
394 3115 459 3173 sunt,
475 3125 610 3184 cognomen
626 3120 746 3184 accipiunt.
780 3122 833 3168 Hoc'
848 3132 927 3167 autem
942 3129 992 3164 tam
1008 3131 1093 3165 nortun

229 3181 354 3246 maturique
363 3177 409 3229 effe
418 3179 511 3244 potest,
526 3184 552 3230 δι
562 3195 613 3232 tam
622 3182 693 3231 facile
703 3170 731 3229 ab
741 3179 787 3229 illis
798 3215 806 3238 ,
822 3182 863 3244 qui
874 3196 924 3242 non
939 3177 1095 3236 observarint,

231 3241 308 3306 potest
319 3238 426 3308 perspici,
441 3256 469 3294 ut¹
478 3245 591 3308 exemplis
602 3243 741 3293 adducendis
751 3240 776 3290 id
787 3242 934 3308 comprobari
948 3239 1038 3298 neccsse
1048 3240 1095 3290 elle

233 3311 284 3353 non
293 3320 381 3370 putem,
414 3310 494 3354 Unum
503 3319 584 3355 tamen
593 3305 725 3357 notandum
740 3305 802 3362 suit,
818 3308 871 3354 eum
886 3304 944 3354 liber
956 3305 984 3354 ab
1000 3320 1048 3362 eo,
1065 3305 1095 3353 ad

232 3376 306 3480 puem
316 3368 510 3434 prirnaeepillolae
525 3368 566 3419 scri
582 3384 610 3418 tn
626 3370 690 3427 srnt,
706 3369 849 3432 appelletur,
865 3371 1032 3434 contineatque
1047 3368 1096 3419 fere

244 3440 283 3480 em
311 3441 312 3444 ’
334 3431 364 3480 ad
373 3431 432 3480 alios
442 3433 514 3480 etiam
550 3434 555 3444 '
576 3448 600 3481 as
612 3435 702 3489 literas,
718 3431 842 3496 quomodo
852 3433 896 3480 illae
912 3431 1048 3497 posteriores
1064 3433 1097 3481 ci-

232 3506 245 3544 t
320 3491 381 3547 ficut
394 3493 461 3560 quod
475 3496 550 3549 etiam
562 3494 593 3547 nb
605 3496 652 3547 illis
667 3495 791 3563 dsslgemet
808 3492 955 3558 obsonatum
969 3494 1012 3559 eii·
1031 3486 1097 3568 quoti

229 3582 231 3587 v
712 3589 715 3593 -
1023 3571 1100 3607 martr-
