<?xml version="1.0" encoding="UTF-8"?>
<!DOCTYPE html PUBLIC "-//W3C//DTD XHTML 1.0 Transitional//EN"
    "http://www.w3.org/TR/xhtml1/DTD/xhtml1-transitional.dtd">
<html xmlns="http://www.w3.org/1999/xhtml" xml:lang="en" lang="en">
 <head>
  <title>
</title>
<meta http-equiv="Content-Type" content="text/html;charset=utf-8" />
  <meta name='ocr-system' content='tesseract 3.04.00' />
  <meta name='ocr-capabilities' content='ocr_page ocr_carea ocr_par ocr_line ocrx_word'/>
</head>
<body>
  <div class='ocr_page' id='page_1' title='image "./marcitulliicice06pedigoog_0280.png"; bbox 0 0 2272 4020; ppageno 0'>
   <div class='ocr_carea' id='block_1_1' title="bbox 834 67 932 94">
    <p class='ocr_par' dir='ltr' id='par_1_1' title="bbox 834 67 932 94">
     <span class='ocr_line' id='line_1_1' title="bbox 834 67 932 94; baseline 0.02 -2"><span class='ocrx_word' id='word_1_1' title='bbox 834 67 932 94; x_wconf 56' lang='grc' dir='ltr'>πον-Π</span> 
     </span>
    </p>
   </div>
   <div class='ocr_carea' id='block_1_2' title="bbox 140 263 852 359">
    <p class='ocr_par' dir='ltr' id='par_1_2' title="bbox 140 263 852 359">
     <span class='ocr_line' id='line_1_2' title="bbox 140 263 852 359; baseline 0.008 -25"><span class='ocrx_word' id='word_1_2' title='bbox 140 263 666 353; x_wconf 74' lang='lat' dir='ltr'>Lauthururus.</span> <span class='ocrx_word' id='word_1_3' title='bbox 789 276 852 359; x_wconf 81' lang='lat'>267&#39;</span> 
     </span>
    </p>
   </div>
   <div class='ocr_carea' id='block_1_3' title="bbox 42 378 1043 2305">
    <p class='ocr_par' dir='ltr' id='par_1_3' title="bbox 42 378 1043 2287">
     <span class='ocr_line' id='line_1_3' title="bbox 42 378 852 457; baseline 0.007 -16"><span class='ocrx_word' id='word_1_4' title='bbox 42 378 117 451; x_wconf 73' lang='lat' dir='ltr'>iser,</span> <span class='ocrx_word' id='word_1_5' title='bbox 149 383 322 443; x_wconf 86' lang='lat' dir='ltr'>voluntatem</span> <span class='ocrx_word' id='word_1_6' title='bbox 342 395 420 444; x_wconf 87' lang='lat' dir='ltr'>tuam</span> <span class='ocrx_word' id='word_1_7' title='bbox 441 385 598 445; x_wconf 88' lang='lat' dir='ltr'>commodo</span> <span class='ocrx_word' id='word_1_8' title='bbox 619 404 694 445; x_wconf 90' lang='lat' dir='ltr'>meo.</span> <span class='ocrx_word' id='word_1_9' title='bbox 732 385 779 445; x_wconf 84' lang='lat' dir='ltr'>Ad</span> <span class='ocrx_word' id='word_1_10' title='bbox 801 406 852 457; x_wconf 87' lang='lat' dir='ltr'>ea,</span> 
     </span>
     <span class='ocr_line' id='line_1_4' title="bbox 42 457 853 543; baseline 0.009 -26"><span class='ocrx_word' id='word_1_11' title='bbox 42 457 198 543; x_wconf 64' lang='lat' dir='ltr'>eicripfisti,</span> <span class='ocrx_word' id='word_1_12' title='bbox 216 460 393 523; x_wconf 80' lang='lat' dir='ltr'>commodius</span> <span class='ocrx_word' id='word_1_13' title='bbox 413 461 543 539; x_wconf 85' lang='lat' dir='ltr'>equidem</span> <span class='ocrx_word' id='word_1_14' title='bbox 563 459 670 538; x_wconf 80' lang='lat' dir='ltr'>podem</span> <span class='ocrx_word' id='word_1_15' title='bbox 690 461 726 522; x_wconf 89' lang='lat' dir='ltr'>de</span> <span class='ocrx_word' id='word_1_16' title='bbox 745 463 853 539; x_wconf 76' lang='lat' dir='ltr'>{iugulis</span> 
     </span>
     <span class='ocr_line' id='line_1_5' title="bbox 42 537 852 610; baseline 0.009 -17"><span class='ocrx_word' id='word_1_17' title='bbox 42 553 63 593; x_wconf 85' lang='lat' dir='ltr'>:e</span> <span class='ocrx_word' id='word_1_18' title='bbox 76 537 155 595; x_wconf 89' lang='lat' dir='ltr'>rebus</span> <span class='ocrx_word' id='word_1_19' title='bbox 167 537 297 608; x_wconf 86' lang='lat' dir='ltr'>scribere,</span> <span class='ocrx_word' id='word_1_20' title='bbox 318 537 338 595; x_wconf 89' lang='lat' dir='ltr'>fi</span> <span class='ocrx_word' id='word_1_21' title='bbox 352 539 394 597; x_wconf 92' lang='lat' dir='ltr'>M.</span> <span class='ocrx_word' id='word_1_22' title='bbox 403 539 511 597; x_wconf 79' lang='lat' dir='ltr'>Tunius</span> <span class='ocrx_word' id='word_1_23' title='bbox 526 580 535 607; x_wconf 88' lang='lat'>‚</span> <span class='ocrx_word' id='word_1_24' title='bbox 553 540 636 596; x_wconf 87' lang='lat' dir='ltr'>scriba</span> <span class='ocrx_word' id='word_1_25' title='bbox 656 557 758 610; x_wconf 88' lang='lat' dir='ltr'>meus,</span> <span class='ocrx_word' id='word_1_26' title='bbox 778 542 852 600; x_wconf 80' lang='lat' dir='ltr'>ades-</span> 
     </span>
     <span class='ocr_line' id='line_1_6' title="bbox 60 610 851 748; baseline 0.01 -78"><span class='ocrx_word' id='word_1_27' title='bbox 60 610 76 670; x_wconf 75' lang='grc' dir='ltr'>ὲ</span> <span class='ocrx_word' id='word_1_28' title='bbox 91 631 149 748; x_wconf 58' lang='lat' dir='ltr'>quo</span> <span class='ocrx_word' id='word_1_29' title='bbox 164 616 231 674; x_wconf 89' lang='lat' dir='ltr'>mibi</span> <span class='ocrx_word' id='word_1_30' title='bbox 246 616 418 690; x_wconf 84' lang='lat' dir='ltr'>exploratum</span> <span class='ocrx_word' id='word_1_31' title='bbox 434 615 488 683; x_wconf 88' lang='lat' dir='ltr'>est,</span> <span class='ocrx_word' id='word_1_32' title='bbox 508 614 537 673; x_wconf 88' lang='lat' dir='ltr'>in</span> <span class='ocrx_word' id='word_1_33' title='bbox 552 615 700 678; x_wconf 84' lang='lat' dir='ltr'>rationibus</span> <span class='ocrx_word' id='word_1_34' title='bbox 720 617 851 678; x_wconf 81' lang='lat' dir='ltr'>duntaxat</span> 
     </span>
     <span class='ocr_line' id='line_1_7' title="bbox 42 688 852 769; baseline 0.007 -22"><span class='ocrx_word' id='word_1_35' title='bbox 42 707 95 748; x_wconf 89' lang='lat' dir='ltr'>ren</span> <span class='ocrx_word' id='word_1_36' title='bbox 115 691 151 759; x_wconf 85' lang='lat' dir='ltr'>is,</span> <span class='ocrx_word' id='word_1_37' title='bbox 173 690 219 765; x_wconf 84' lang='lat' dir='ltr'>(de</span> <span class='ocrx_word' id='word_1_38' title='bbox 240 693 336 749; x_wconf 86' lang='lat' dir='ltr'>ceteris</span> <span class='ocrx_word' id='word_1_39' title='bbox 348 692 427 751; x_wconf 88' lang='lat' dir='ltr'>rebus</span> <span class='ocrx_word' id='word_1_40' title='bbox 440 690 574 749; x_wconf 89' lang='lat' dir='ltr'>affirmare</span> <span class='ocrx_word' id='word_1_41' title='bbox 588 710 648 751; x_wconf 90' lang='lat' dir='ltr'>non</span> <span class='ocrx_word' id='word_1_42' title='bbox 668 688 789 769; x_wconf 84' lang='lat' dir='ltr'>poffum)</span> <span class='ocrx_word' id='word_1_43' title='bbox 808 696 852 753; x_wconf 90' lang='lat' dir='ltr'>ni-</span> 
     </span>
     <span class='ocr_line' id='line_1_8' title="bbox 42 764 1043 844; baseline 0.013 -22"><span class='ocrx_word' id='word_1_44' title='bbox 42 784 105 825; x_wconf 89' lang='lat' dir='ltr'>eum</span> <span class='ocrx_word' id='word_1_45' title='bbox 128 764 219 825; x_wconf 84' lang='lat' dir='ltr'>fecisse</span> <span class='ocrx_word' id='word_1_46' title='bbox 239 768 396 837; x_wconf 82' lang='lat' dir='ltr'>scientem,</span> <span class='ocrx_word' id='word_1_47' title='bbox 422 767 501 844; x_wconf 82' lang='lat' dir='ltr'>quod</span> <span class='ocrx_word' id='word_1_48' title='bbox 521 765 587 826; x_wconf 75' lang='lat' dir='ltr'>erret</span> <span class='ocrx_word' id='word_1_49' title='bbox 607 780 703 828; x_wconf 89' lang='lat' dir='ltr'>contra</span> <span class='ocrx_word' id='word_1_50' title='bbox 723 783 770 829; x_wconf 90' lang='lat' dir='ltr'>aut</span> <span class='ocrx_word' id='word_1_51' title='bbox 790 788 849 830; x_wconf 90' lang='lat' dir='ltr'>rem</span> <span class='ocrx_word' id='word_1_52' title='bbox 1041 829 1043 835; x_wconf 93' lang='lat'><em>.</em></span> 
     </span>
     <span class='ocr_line' id='line_1_9' title="bbox 52 843 983 925; baseline 0.005 -25"><span class='ocrx_word' id='word_1_53' title='bbox 52 843 283 905; x_wconf 82' lang='lat' dir='ltr'>existimationem</span> <span class='ocrx_word' id='word_1_54' title='bbox 304 858 390 904; x_wconf 86' lang='lat' dir='ltr'>tuam.</span> <span class='ocrx_word' id='word_1_55' title='bbox 410 845 513 914; x_wconf 89' lang='lat' dir='ltr'>⁰deiu,</span> <span class='ocrx_word' id='word_1_56' title='bbox 532 843 552 903; x_wconf 83' lang='lat' dir='ltr'>fi</span> <span class='ocrx_word' id='word_1_57' title='bbox 573 844 712 908; x_wconf 87' lang='lat' dir='ltr'>rationum</span> <span class='ocrx_word' id='word_1_58' title='bbox 732 849 983 925; x_wconf 54' lang='lat' dir='ltr'>referenturrrxv,</span> 
     </span>
     <span class='ocr_line' id='line_1_10' title="bbox 42 915 978 998; baseline 0.006 -21"><span class='ocrx_word' id='word_1_59' title='bbox 42 938 84 979; x_wconf 84' lang='lat' dir='ltr'>rm</span> <span class='ocrx_word' id='word_1_60' title='bbox 102 922 146 997; x_wconf 88' lang='lat' dir='ltr'>jus</span> <span class='ocrx_word' id='word_1_61' title='bbox 166 936 244 981; x_wconf 85' lang='lat' dir='ltr'>vetus</span> <span class='ocrx_word' id='word_1_62' title='bbox 265 925 295 980; x_wconf 74' lang='lat'>8&lt;</span> <span class='ocrx_word' id='word_1_63' title='bbox 326 941 388 981; x_wconf 91' lang='lat' dir='ltr'>mos</span> <span class='ocrx_word' id='word_1_64' title='bbox 408 922 535 998; x_wconf 84' lang='lat' dir='ltr'>antiquus</span> <span class='ocrx_word' id='word_1_65' title='bbox 556 935 697 993; x_wconf 86' lang='lat' dir='ltr'>maneret,</span> <span class='ocrx_word' id='word_1_66' title='bbox 717 942 764 984; x_wconf 86' lang='lat' dir='ltr'>me</span> <span class='ocrx_word' id='word_1_67' title='bbox 785 925 877 983; x_wconf 82' lang='lat' dir='ltr'>tela-⁰</span> <span class='ocrx_word' id='word_1_68' title='bbox 890 915 978 991; x_wconf 30' lang='lat' dir='ltr'>&#39;demde</span> 
     </span>
     <span class='ocr_line' id='line_1_11' title="bbox 42 982 910 1075; baseline 0.006 -21"><span class='ocrx_word' id='word_1_69' title='bbox 42 1015 80 1055; x_wconf 83' lang='lat' dir='ltr'>rm</span> <span class='ocrx_word' id='word_1_70' title='bbox 103 1000 238 1075; x_wconf 70' lang='lat' dir='ltr'>maiorica,</span> <span class='ocrx_word' id='word_1_71' title='bbox 258 998 307 1058; x_wconf 83' lang='lat' dir='ltr'>nisa</span> <span class='ocrx_word' id='word_1_72' title='bbox 327 1012 422 1058; x_wconf 87' lang='lat' dir='ltr'>tecum</span> <span class='ocrx_word' id='word_1_73' title='bbox 449 1017 501 1075; x_wconf 90' lang='lat' dir='ltr'>pro</span> <span class='ocrx_word' id='word_1_74' title='bbox 527 998 727 1074; x_wconf 75' lang='lat' dir='ltr'>conjunctione</span> <span class='ocrx_word' id='word_1_75' title='bbox 752 982 910 1063; x_wconf 60' lang='lat' dir='ltr'>nostrae“²&#39;·</span> 
     </span>
     <span class='ocr_line' id='line_1_12' title="bbox 42 1072 854 1152; baseline 0.009 -22"><span class='ocrx_word' id='word_1_76' title='bbox 42 1074 188 1133; x_wconf 85' lang='lat' dir='ltr'>effitudinis</span> <span class='ocrx_word' id='word_1_77' title='bbox 203 1073 392 1146; x_wconf 77' lang='lat' dir='ltr'>contulissem,</span> <span class='ocrx_word' id='word_1_78' title='bbox 413 1072 670 1152; x_wconf 65' lang='lat' dir='ltr'>confectumque,</span> <span class='ocrx_word' id='word_1_79' title='bbox 690 1096 749 1138; x_wconf 87' lang='lat' dir='ltr'>non</span> <span class='ocrx_word' id='word_1_80' title='bbox 768 1075 854 1137; x_wconf 83' lang='lat' dir='ltr'>fuiffe.</span> 
     </span>
     <span class='ocr_line' id='line_1_13' title="bbox 42 1150 855 1232; baseline 0.006 -24"><span class='ocrx_word' id='word_1_81' title='bbox 42 1150 78 1209; x_wconf 88' lang='lat' dir='ltr'>od</span> <span class='ocrx_word' id='word_1_82' title='bbox 90 1151 172 1226; x_wconf 86' lang='lat' dir='ltr'>igitur</span> <span class='ocrx_word' id='word_1_83' title='bbox 186 1150 306 1212; x_wconf 84' lang='lat' dir='ltr'>feciffem</span> <span class='ocrx_word' id='word_1_84' title='bbox 321 1155 355 1213; x_wconf 93' lang='lat' dir='ltr'>ad</span> <span class='ocrx_word' id='word_1_85' title='bbox 375 1153 471 1211; x_wconf 90' lang='lat' dir='ltr'>urbem</span> <span class='ocrx_word' id='word_1_86' title='bbox 487 1194 496 1222; x_wconf 90' lang='lat'><strong>,</strong></span> <span class='ocrx_word' id='word_1_87' title='bbox 515 1150 536 1209; x_wconf 88' lang='lat' dir='ltr'>fi</span> <span class='ocrx_word' id='word_1_88' title='bbox 556 1152 727 1213; x_wconf 80' lang='lat' dir='ltr'><strong>consuetudo</strong></span> <span class='ocrx_word' id='word_1_89' title='bbox 747 1154 855 1232; x_wconf 87' lang='lat' dir='ltr'>pristina</span> 
     </span>
     <span class='ocr_line' id='line_1_14' title="bbox 42 1227 855 1307; baseline 0.007 -22"><span class='ocrx_word' id='word_1_90' title='bbox 42 1240 129 1292; x_wconf 77' lang='lat' dir='ltr'>aeret:</span> <span class='ocrx_word' id='word_1_91' title='bbox 150 1229 230 1297; x_wconf 87' lang='lat' dir='ltr'>²¹id‚</span> <span class='ocrx_word' id='word_1_92' title='bbox 251 1248 338 1307; x_wconf 91' lang='lat' dir='ltr'>quum</span> <span class='ocrx_word' id='word_1_93' title='bbox 351 1231 413 1305; x_wconf 88' lang='lat' dir='ltr'>lege</span> <span class='ocrx_word' id='word_1_94' title='bbox 426 1228 495 1302; x_wconf 88' lang='lat' dir='ltr'>Juiia</span> <span class='ocrx_word' id='word_1_95' title='bbox 516 1227 668 1306; x_wconf 83' lang='lat' dir='ltr'>relinquere</span> <span class='ocrx_word' id='word_1_96' title='bbox 688 1232 806 1291; x_wconf 88' lang='lat' dir='ltr'>rationes</span> <span class='ocrx_word' id='word_1_97' title='bbox 825 1233 855 1292; x_wconf 87' lang='lat' dir='ltr'>in</span> 
     </span>
     <span class='ocr_line' id='line_1_15' title="bbox 42 1303 855 1387; baseline 0.007 -26"><span class='ocrx_word' id='word_1_98' title='bbox 42 1304 132 1365; x_wconf 87' lang='lat' dir='ltr'>vincia</span> <span class='ocrx_word' id='word_1_99' title='bbox 153 1303 260 1365; x_wconf 79' lang='lat' dir='ltr'>necesse</span> <span class='ocrx_word' id='word_1_100' title='bbox 281 1320 361 1377; x_wconf 89' lang='lat' dir='ltr'>crat,</span> <span class='ocrx_word' id='word_1_101' title='bbox 381 1305 545 1387; x_wconf 88' lang='lat' dir='ltr'>easdemque</span> <span class='ocrx_word' id='word_1_102' title='bbox 564 1307 683 1368; x_wconf 86' lang='lat' dir='ltr'>totidem</span> <span class='ocrx_word' id='word_1_103' title='bbox 704 1310 791 1367; x_wconf 85' lang='lat' dir='ltr'>verbis</span> <span class='ocrx_word' id='word_1_104' title='bbox 811 1326 855 1367; x_wconf 60' lang='lat' dir='ltr'>reb</span> 
     </span>
     <span class='ocr_line' id='line_1_16' title="bbox 42 1381 855 1459; baseline 0.006 -21"><span class='ocrx_word' id='word_1_105' title='bbox 42 1381 109 1439; x_wconf 88' lang='lat' dir='ltr'>ead</span> <span class='ocrx_word' id='word_1_106' title='bbox 124 1383 267 1454; x_wconf 85' lang='lat' dir='ltr'>aerarium,</span> <span class='ocrx_word' id='word_1_107' title='bbox 288 1385 341 1448; x_wconf 87' lang='lat' dir='ltr'>feci</span> <span class='ocrx_word' id='word_1_108' title='bbox 361 1386 390 1443; x_wconf 89' lang='lat' dir='ltr'>iu</span> <span class='ocrx_word' id='word_1_109' title='bbox 410 1382 559 1458; x_wconf 83' lang='lat' dir='ltr'>provincia.</span> <span class='ocrx_word' id='word_1_110' title='bbox 598 1383 698 1459; x_wconf 86' lang='lat' dir='ltr'>Neque</span> <span class='ocrx_word' id='word_1_111' title='bbox 719 1385 756 1443; x_wconf 86' lang='lat' dir='ltr'>ita</span> <span class='ocrx_word' id='word_1_112' title='bbox 783 1387 855 1453; x_wconf 87' lang='lat' dir='ltr'>feci,</span> 
     </span>
     <span class='ocr_line' id='line_1_17' title="bbox 42 1457 854 1521; baseline 0.007 -7"><span class='ocrx_word' id='word_1_113' title='bbox 42 1469 68 1514; x_wconf 86' lang='lat' dir='ltr'>te</span> <span class='ocrx_word' id='word_1_114' title='bbox 90 1457 124 1516; x_wconf 89' lang='lat' dir='ltr'>ad</span> <span class='ocrx_word' id='word_1_115' title='bbox 147 1477 243 1519; x_wconf 89' lang='lat' dir='ltr'>meum</span> <span class='ocrx_word' id='word_1_116' title='bbox 263 1461 401 1521; x_wconf 84' lang='lat' dir='ltr'>arbitrium</span> <span class='ocrx_word' id='word_1_117' title='bbox 422 1458 611 1517; x_wconf 84' lang='lat' dir='ltr'>adducerem:</span> <span class='ocrx_word' id='word_1_118' title='bbox 632 1459 677 1518; x_wconf 89' lang='lat' dir='ltr'>sed</span> <span class='ocrx_word' id='word_1_119' title='bbox 697 1461 778 1519; x_wconf 86' lang='lat' dir='ltr'>tribui</span> <span class='ocrx_word' id='word_1_120' title='bbox 806 1463 854 1520; x_wconf 90' lang='lat' dir='ltr'>tibi</span> 
     </span>
     <span class='ocr_line' id='line_1_18' title="bbox 42 1526 986 1613; baseline 0.002 -21"><span class='ocrx_word' id='word_1_121' title='bbox 42 1545 118 1603; x_wconf 89' lang='lat' dir='ltr'>tum,</span> <span class='ocrx_word' id='word_1_122' title='bbox 137 1549 272 1611; x_wconf 87' lang='lat' dir='ltr'>quantum</span> <span class='ocrx_word' id='word_1_123' title='bbox 286 1550 355 1596; x_wconf 77' lang='lat' dir='ltr'>ame</span> <span class='ocrx_word' id='word_1_124' title='bbox 375 1530 493 1595; x_wconf 83' lang='lat' dir='ltr'>tribuiffe</span> <span class='ocrx_word' id='word_1_125' title='bbox 513 1553 668 1612; x_wconf 83' lang='lat' dir='ltr'>numquam</span> <span class='ocrx_word' id='word_1_126' title='bbox 682 1550 750 1596; x_wconf 81' lang='lat' dir='ltr'>crme</span> <span class='ocrx_word' id='word_1_127' title='bbox 764 1539 878 1613; x_wconf 82' lang='lat' dir='ltr'>poeni-P</span> <span class='ocrx_word' id='word_1_128' title='bbox 893 1543 933 1577; x_wconf 73' lang='lat'>¹¹¹⁶</span> <span class='ocrx_word' id='word_1_129' title='bbox 943 1526 986 1577; x_wconf 82' lang='lat' dir='ltr'>tibi</span> 
     </span>
     <span class='ocr_line' id='line_1_19' title="bbox 42 1595 966 1701; baseline 0.006 -33"><span class='ocrx_word' id='word_1_130' title='bbox 42 1622 64 1669; x_wconf 86' lang='lat' dir='ltr'>t.</span> <span class='ocrx_word' id='word_1_131' title='bbox 84 1621 194 1671; x_wconf 71' lang='lat' dir='ltr'>rtotum</span> <span class='ocrx_word' id='word_1_132' title='bbox 215 1615 291 1672; x_wconf 89' lang='lat' dir='ltr'>enim</span> <span class='ocrx_word' id='word_1_133' title='bbox 310 1615 424 1673; x_wconf 89' lang='lat' dir='ltr'>scribam</span> <span class='ocrx_word' id='word_1_134' title='bbox 445 1629 541 1670; x_wconf 90' lang='lat' dir='ltr'>mcum</span> <span class='ocrx_word' id='word_1_135' title='bbox 562 1655 571 1681; x_wconf 91' lang='lat'><strong><em>‚</em></strong></span> <span class='ocrx_word' id='word_1_136' title='bbox 597 1631 683 1689; x_wconf 92' lang='lat' dir='ltr'>quem</span> <span class='ocrx_word' id='word_1_137' title='bbox 702 1614 751 1672; x_wconf 91' lang='lat' dir='ltr'>tibi</span> <span class='ocrx_word' id='word_1_138' title='bbox 770 1614 854 1674; x_wconf 89' lang='lat' dir='ltr'>video</span> <span class='ocrx_word' id='word_1_139' title='bbox 863 1595 966 1701; x_wconf 44' lang='lat' dir='ltr'>MSN</span> 
     </span>
     <span class='ocr_line' id='line_1_20' title="bbox 42 1670 988 1769; baseline 0.007 -25"><span class='ocrx_word' id='word_1_140' title='bbox 42 1704 65 1745; x_wconf 67' lang='lat' dir='ltr'>tc</span> <span class='ocrx_word' id='word_1_141' title='bbox 79 1685 132 1745; x_wconf 78' lang='lat' dir='ltr'>erte</span> <span class='ocrx_word' id='word_1_142' title='bbox 144 1688 314 1764; x_wconf 77' lang='lat' dir='ltr'>suspectum,</span> <span class='ocrx_word' id='word_1_143' title='bbox 333 1691 382 1750; x_wconf 81' lang='lat' dir='ltr'>uu</span> <span class='ocrx_word' id='word_1_144' title='bbox 399 1688 504 1749; x_wconf 76' lang='lat' dir='ltr'>tratur.</span> <span class='ocrx_word' id='word_1_145' title='bbox 541 1698 573 1747; x_wconf 86' lang='lat' dir='ltr'>tu</span> <span class='ocrx_word' id='word_1_146' title='bbox 593 1692 619 1749; x_wconf 78' lang='lat' dir='ltr'>er</span> <span class='ocrx_word' id='word_1_147' title='bbox 639 1670 988 1769; x_wconf 55' lang='lat' dir='ltr'>m.muuum,?m‘‡}1¹,„f</span> 
     </span>
     <span class='ocr_line' id='line_1_21' title="bbox 42 1766 1004 1843; baseline 0.01 -22"><span class='ocrx_word' id='word_1_148' title='bbox 42 1781 101 1822; x_wconf 90' lang='lat' dir='ltr'>rem</span> <span class='ocrx_word' id='word_1_149' title='bbox 114 1776 220 1837; x_wconf 90' lang='lat' dir='ltr'>tuum,</span> <span class='ocrx_word' id='word_1_150' title='bbox 240 1767 390 1843; x_wconf 86' lang='lat' dir='ltr'>adjunxisti.</span> <span class='ocrx_word' id='word_1_151' title='bbox 428 1766 559 1824; x_wconf 86' lang='lat' dir='ltr'>Rationes</span> <span class='ocrx_word' id='word_1_152' title='bbox 580 1767 719 1828; x_wconf 75' lang='lat' dir='ltr'>confectae</span> <span class='ocrx_word' id='word_1_153' title='bbox 741 1786 789 1827; x_wconf 88' lang='lat' dir='ltr'>mc</span> <span class='ocrx_word' id='word_1_154' title='bbox 810 1770 872 1830; x_wconf 74' lang='lat' dir='ltr'>abr</span> <span class='ocrx_word' id='word_1_155' title='bbox 898 1780 1004 1831; x_wconf 78' lang='lat' dir='ltr'>Tullium</span> 
     </span>
     <span class='ocr_line' id='line_1_22' title="bbox 42 1841 911 1919; baseline 0.007 -22"><span class='ocrx_word' id='word_1_156' title='bbox 42 1852 66 1897; x_wconf 83' lang='lat' dir='ltr'>te</span> <span class='ocrx_word' id='word_1_157' title='bbox 85 1841 147 1899; x_wconf 88' lang='lat' dir='ltr'>sunt</span> <span class='ocrx_word' id='word_1_158' title='bbox 166 1856 285 1914; x_wconf 87' lang='lat' dir='ltr'>tecum,</span> <span class='ocrx_word' id='word_1_159' title='bbox 311 1844 346 1902; x_wconf 87' lang='lat' dir='ltr'>ad</span> <span class='ocrx_word' id='word_1_160' title='bbox 392 1861 439 1901; x_wconf 89' lang='lat' dir='ltr'>uas</span> <span class='ocrx_word' id='word_1_161' title='bbox 460 1858 513 1916; x_wconf 83' lang='lat' dir='ltr'>ego</span> <span class='ocrx_word' id='word_1_162' title='bbox 532 1841 601 1900; x_wconf 85' lang='lat' dir='ltr'>nibil</span> <span class='ocrx_word' id='word_1_163' title='bbox 619 1843 729 1908; x_wconf 85' lang='lat' dir='ltr'>adhibui</span> <span class='ocrx_word' id='word_1_164' title='bbox 756 1847 911 1919; x_wconf 74' lang='lat' dir='ltr'>praeteralii·</span> 
     </span>
     <span class='ocr_line' id='line_1_23' title="bbox 42 1862 857 1995; baseline 0.009 -21"><span class='ocrx_word' id='word_1_165' title='bbox 42 1917 151 1978; x_wconf 84' lang='lat' dir='ltr'>ionem.</span> <span class='ocrx_word' id='word_1_166' title='bbox 189 1919 231 1978; x_wconf 89' lang='lat' dir='ltr'>Ita</span> <span class='ocrx_word' id='word_1_167' title='bbox 250 1921 344 1995; x_wconf 89' lang='lat' dir='ltr'>accepi</span> <span class='ocrx_word' id='word_1_168' title='bbox 363 1862 463 1979; x_wconf 57' lang='lat' dir='ltr'>librum</span> <span class='ocrx_word' id='word_1_169' title='bbox 485 1918 502 1975; x_wconf 75' lang='lat' dir='ltr'>a</span> <span class='ocrx_word' id='word_1_170' title='bbox 522 1934 590 1975; x_wconf 90' lang='lat' dir='ltr'>meo</span> <span class='ocrx_word' id='word_1_171' title='bbox 609 1918 687 1978; x_wconf 86' lang='lat' dir='ltr'>servo</span> <span class='ocrx_word' id='word_1_172' title='bbox 707 1920 806 1989; x_wconf 88' lang='lat' dir='ltr'>scriba,</span> <span class='ocrx_word' id='word_1_173' title='bbox 825 1935 857 1982; x_wconf 92' lang='lat' dir='ltr'>ut</span> 
     </span>
     <span class='ocr_line' id='line_1_24' title="bbox 42 1992 857 2073; baseline 0.006 -22"><span class='ocrx_word' id='word_1_174' title='bbox 42 1992 114 2051; x_wconf 75' lang='lat' dir='ltr'>idem</span> <span class='ocrx_word' id='word_1_175' title='bbox 128 1997 282 2071; x_wconf 87' lang='lat' dir='ltr'>acceperim</span> <span class='ocrx_word' id='word_1_176' title='bbox 296 1996 312 2056; x_wconf 75' lang='lat' dir='ltr'>a</span> <span class='ocrx_word' id='word_1_177' title='bbox 326 1997 407 2054; x_wconf 87' lang='lat' dir='ltr'>fratre</span> <span class='ocrx_word' id='word_1_178' title='bbox 420 2007 479 2053; x_wconf 89' lang='lat' dir='ltr'>tuo.</span> <span class='ocrx_word' id='word_1_179' title='bbox 518 1993 546 2052; x_wconf 85' lang='lat' dir='ltr'>Si</span> <span class='ocrx_word' id='word_1_180' title='bbox 558 1993 649 2053; x_wconf 87' lang='lat' dir='ltr'>hunos</span> <span class='ocrx_word' id='word_1_181' title='bbox 663 1996 690 2073; x_wconf 85' lang='lat' dir='ltr'>¹is</span> <span class='ocrx_word' id='word_1_182' title='bbox 710 1997 778 2065; x_wconf 83' lang='lat' dir='ltr'>fuit,</span> <span class='ocrx_word' id='word_1_183' title='bbox 798 2015 857 2056; x_wconf 77' lang='lat' dir='ltr'>ma-</span> 
     </span>
     <span class='ocr_line' id='line_1_25' title="bbox 42 2068 856 2148; baseline 0.007 -21"><span class='ocrx_word' id='word_1_184' title='bbox 42 2087 83 2127; x_wconf 78' lang='lat' dir='ltr'>em</span> <span class='ocrx_word' id='word_1_185' title='bbox 104 2071 152 2130; x_wconf 93' lang='lat' dir='ltr'>tibi</span> <span class='ocrx_word' id='word_1_186' title='bbox 172 2073 272 2130; x_wconf 91' lang='lat' dir='ltr'>babere</span> <span class='ocrx_word' id='word_1_187' title='bbox 292 2091 351 2131; x_wconf 90' lang='lat' dir='ltr'>non</span> <span class='ocrx_word' id='word_1_188' title='bbox 371 2072 472 2148; x_wconf 90' lang='lat' dir='ltr'>potui:</span> <span class='ocrx_word' id='word_1_189' title='bbox 499 2068 521 2127; x_wconf 82' lang='lat' dir='ltr'>st</span> <span class='ocrx_word' id='word_1_190' title='bbox 541 2068 631 2138; x_wconf 88' lang='lat' dir='ltr'>fides,</span> <span class='ocrx_word' id='word_1_191' title='bbox 651 2073 788 2146; x_wconf 90' lang='lat' dir='ltr'>majorem</span> <span class='ocrx_word' id='word_1_192' title='bbox 808 2075 856 2135; x_wconf 90' lang='lat' dir='ltr'>tibi</span> 
     </span>
     <span class='ocr_line' id='line_1_26' title="bbox 42 2145 864 2287; baseline -0.001 -78"><span class='ocrx_word' id='word_1_193' title='bbox 42 2147 97 2219; x_wconf 74' lang='lat' dir='ltr'>ui,</span> <span class='ocrx_word' id='word_1_194' title='bbox 117 2146 203 2225; x_wconf 79' lang='lat' dir='ltr'>quarn</span> <span class='ocrx_word' id='word_1_195' title='bbox 216 2148 297 2226; x_wconf 76' lang='lat' dir='ltr'>paene</span> <span class='ocrx_word' id='word_1_196' title='bbox 311 2148 360 2228; x_wconf 81' lang='lat' dir='ltr'>ipfi</span> <span class='ocrx_word' id='word_1_197' title='bbox 373 2148 450 2211; x_wconf 88' lang='lat' dir='ltr'>mihi</span> <span class='ocrx_word' id='word_1_198' title='bbox 475 2145 496 2210; x_wconf 88' lang='lat' dir='ltr'>fi</span> <span class='ocrx_word' id='word_1_199' title='bbox 516 2145 719 2225; x_wconf 85' lang='lat' dir='ltr'>providendum</span> <span class='ocrx_word' id='word_1_200' title='bbox 733 2149 802 2221; x_wconf 81' lang='lat' dir='ltr'>fuit,</span> <span class='ocrx_word' id='word_1_201' title='bbox 821 2168 864 2287; x_wconf 49' lang='lat' dir='ltr'>ng</span> 
     </span>
    </p>

    <p class='ocr_par' dir='ltr' id='par_1_4' title="bbox 796 2244 845 2305">
     <span class='ocr_line' id='line_1_27' title="bbox 796 2244 845 2305; baseline 0.122 -22"><span class='ocrx_word' id='word_1_202' title='bbox 796 2244 845 2305; x_wconf 82' lang='lat' dir='ltr'>qur</span> 
     </span>
    </p>
   </div>
   <div class='ocr_carea' id='block_1_4' title="bbox 42 2390 927 3725">
    <p class='ocr_par' dir='ltr' id='par_1_5' title="bbox 42 2390 927 3671">
     <span class='ocr_line' id='line_1_28' title="bbox 42 2390 881 2462; baseline -0.002 -11"><span class='ocrx_word' id='word_1_203' title='bbox 42 2402 185 2452; x_wconf 81' lang='lat' dir='ltr'>Ciceronem</span> <span class='ocrx_word' id='word_1_204' title='bbox 195 2401 306 2462; x_wconf 80' lang='lat' dir='ltr'>venisset,</span> <span class='ocrx_word' id='word_1_205' title='bbox 321 2418 416 2455; x_wconf 85' lang='lat' dir='ltr'>morem</span> <span class='ocrx_word' id='word_1_206' title='bbox 448 2396 532 2451; x_wconf 77' lang='lat' dir='ltr'>cffiisct</span> <span class='ocrx_word' id='word_1_207' title='bbox 547 2400 569 2450; x_wconf 87' lang='lat' dir='ltr'>ei</span> <span class='ocrx_word' id='word_1_208' title='bbox 584 2401 670 2450; x_wconf 84' lang='lat' dir='ltr'>Cicero</span> <span class='ocrx_word' id='word_1_209' title='bbox 684 2401 753 2450; x_wconf 83' lang='lat' dir='ltr'>mdiu</span> <span class='ocrx_word' id='word_1_210' title='bbox 768 2390 809 2449; x_wconf 80' lang='lat' dir='ltr'>su&#39;o</span> <span class='ocrx_word' id='word_1_211' title='bbox 823 2399 881 2449; x_wconf 86' lang='lat' dir='ltr'>in·-</span> 
     </span>
     <span class='ocr_line' id='line_1_29' title="bbox 42 2418 862 2517; baseline -0.002 -4"><span class='ocrx_word' id='word_1_212' title='bbox 42 2463 135 2514; x_wconf 86' lang='lat' dir='ltr'>rmodo.</span> <span class='ocrx_word' id='word_1_213' title='bbox 169 2467 231 2515; x_wconf 90' lang='lat' dir='ltr'>Dicit</span> <span class='ocrx_word' id='word_1_214' title='bbox 248 2481 327 2516; x_wconf 87' lang='lat' dir='ltr'>autem</span> <span class='ocrx_word' id='word_1_215' title='bbox 339 2466 362 2516; x_wconf 89' lang='lat' dir='ltr'>sc</span> <span class='ocrx_word' id='word_1_216' title='bbox 373 2418 531 2516; x_wconf 58' lang='lat' dir='ltr'>antebturum</span> <span class='ocrx_word' id='word_1_217' title='bbox 549 2462 617 2514; x_wconf 78' lang='lat' dir='ltr'>fuiise</span> <span class='ocrx_word' id='word_1_218' title='bbox 629 2466 692 2513; x_wconf 85' lang='lat' dir='ltr'>illius</span> <span class='ocrx_word' id='word_1_219' title='bbox 712 2465 862 2517; x_wconf 84' lang='lat' dir='ltr'>voluntatem</span> 
     </span>
     <span class='ocr_line' id='line_1_30' title="bbox 51 2526 862 2596; baseline 0.006 -22"><span class='ocrx_word' id='word_1_220' title='bbox 51 2528 190 2578; x_wconf 87' lang='lat' dir='ltr'>commodo.</span> <span class='ocrx_word' id='word_1_221' title='bbox 223 2536 300 2593; x_wconf 82' lang='lat' dir='ltr'>Qrare</span> <span class='ocrx_word' id='word_1_222' title='bbox 311 2533 403 2596; x_wconf 86' lang='lat' dir='ltr'>penitus</span> <span class='ocrx_word' id='word_1_223' title='bbox 411 2528 520 2580; x_wconf 71' lang='lat' dir='ltr'>convicta</span> <span class='ocrx_word' id='word_1_224' title='bbox 529 2529 624 2592; x_wconf 86' lang='lat' dir='ltr'>vulgata</span> <span class='ocrx_word' id='word_1_225' title='bbox 633 2529 706 2576; x_wconf 77' lang='lat' dir='ltr'>ledia</span> <span class='ocrx_word' id='word_1_226' title='bbox 715 2526 862 2592; x_wconf 84' lang='lat' dir='ltr'>explodatur.</span> 
     </span>
     <span class='ocr_line' id='line_1_31' title="bbox 42 2590 863 2654; baseline 0.002 -18"><span class='ocrx_word' id='word_1_227' title='bbox 42 2593 77 2640; x_wconf 72' lang='lat' dir='ltr'>br.</span> <span class='ocrx_word' id='word_1_228' title='bbox 109 2595 137 2640; x_wconf 83' lang='lat' dir='ltr'>Si</span> <span class='ocrx_word' id='word_1_229' title='bbox 149 2593 179 2638; x_wconf 84' lang='lat' dir='ltr'>ad</span> <span class='ocrx_word' id='word_1_230' title='bbox 193 2609 226 2639; x_wconf 82' lang='lat' dir='ltr'>me</span> <span class='ocrx_word' id='word_1_231' title='bbox 236 2594 319 2653; x_wconf 72' lang='lat' dir='ltr'>mrfiffes</span> <span class='ocrx_word' id='word_1_232' title='bbox 336 2629 343 2652; x_wconf 94' lang='lat'>‚</span> <span class='ocrx_word' id='word_1_233' title='bbox 365 2594 398 2643; x_wconf 85' lang='lat' dir='ltr'>est</span> <span class='ocrx_word' id='word_1_234' title='bbox 410 2595 435 2640; x_wconf 89' lang='lat' dir='ltr'>iu</span> <span class='ocrx_word' id='word_1_235' title='bbox 445 2591 492 2640; x_wconf 87' lang='lat' dir='ltr'>Pal.</span> <span class='ocrx_word' id='word_1_236' title='bbox 504 2593 603 2654; x_wconf 86' lang='lat' dir='ltr'>quinto,</span> <span class='ocrx_word' id='word_1_237' title='bbox 619 2593 748 2646; x_wconf 85' lang='lat' dir='ltr'>Vaticano,</span> <span class='ocrx_word' id='word_1_238' title='bbox 765 2590 863 2639; x_wconf 73' lang='lat' dir='ltr'>Victorii</span> 
     </span>
     <span class='ocr_line' id='line_1_32' title="bbox 42 2648 863 2720; baseline -0.004 -18"><span class='ocrx_word' id='word_1_239' title='bbox 42 2655 113 2703; x_wconf 83' lang='lat' dir='ltr'>ione:</span> <span class='ocrx_word' id='word_1_240' title='bbox 130 2651 254 2720; x_wconf 81' lang='lat' dir='ltr'>fuiffetque</span> <span class='ocrx_word' id='word_1_241' title='bbox 265 2657 335 2705; x_wconf 86' lang='lat' dir='ltr'>credo</span> <span class='ocrx_word' id='word_1_242' title='bbox 345 2660 370 2706; x_wconf 91' lang='lat' dir='ltr'>in</span> <span class='ocrx_word' id='word_1_243' title='bbox 379 2657 487 2718; x_wconf 84' lang='lat' dir='ltr'>reliquis,</span> <span class='ocrx_word' id='word_1_244' title='bbox 502 2651 545 2702; x_wconf 87' lang='lat' dir='ltr'>nifi</span> <span class='ocrx_word' id='word_1_245' title='bbox 556 2666 608 2702; x_wconf 87' lang='lat' dir='ltr'>tota</span> <span class='ocrx_word' id='word_1_246' title='bbox 617 2652 665 2701; x_wconf 84' lang='lat' dir='ltr'>haec</span> <span class='ocrx_word' id='word_1_247' title='bbox 676 2648 863 2717; x_wconf 78' lang='lat' dir='ltr'>epistotadeesser</span> 
     </span>
     <span class='ocr_line' id='line_1_33' title="bbox 42 2713 862 2779; baseline -0.01 -12"><span class='ocrx_word' id='word_1_248' title='bbox 42 2756 44 2767; x_wconf 91' lang='lat'>.</span> <span class='ocrx_word' id='word_1_249' title='bbox 62 2715 182 2772; x_wconf 86' lang='lat' dir='ltr'>secundo,</span> <span class='ocrx_word' id='word_1_250' title='bbox 204 2722 292 2774; x_wconf 86' lang='lat' dir='ltr'>tertio,</span> <span class='ocrx_word' id='word_1_251' title='bbox 313 2722 476 2773; x_wconf 85' lang='lat' dir='ltr'>Gruteriano,</span> <span class='ocrx_word' id='word_1_252' title='bbox 493 2717 656 2766; x_wconf 86' lang='lat' dir='ltr'>stewechiuno.</span> <span class='ocrx_word' id='word_1_253' title='bbox 674 2713 746 2779; x_wconf 83' lang='lat' dir='ltr'>vulgb</span> <span class='ocrx_word' id='word_1_254' title='bbox 766 2716 862 2776; x_wconf 71' lang='lat' dir='ltr'>venisses,</span> 
     </span>
     <span class='ocr_line' id='line_1_34' title="bbox 42 2777 927 2846; baseline -0.007 -16"><span class='ocrx_word' id='word_1_255' title='bbox 42 2781 117 2832; x_wconf 82' lang='lat' dir='ltr'>&gt;hard</span> <span class='ocrx_word' id='word_1_256' title='bbox 150 2785 239 2829; x_wconf 76' lang='lat' dir='ltr'>Mittere</span> <span class='ocrx_word' id='word_1_257' title='bbox 264 2784 293 2827; x_wconf 82' lang='lat' dir='ltr'>ad</span> <span class='ocrx_word' id='word_1_258' title='bbox 308 2786 403 2846; x_wconf 78' lang='lat' dir='ltr'>aliquem</span> <span class='ocrx_word' id='word_1_259' title='bbox 422 2779 537 2845; x_wconf 84' lang='lat' dir='ltr'>fignificat</span> <span class='ocrx_word' id='word_1_260' title='bbox 562 2780 682 2844; x_wconf 85' lang='lat' dir='ltr'>eleganter</span> <span class='ocrx_word' id='word_1_261' title='bbox 700 2777 803 2827; x_wconf 85' lang='lat' dir='ltr'>indicare</span> <span class='ocrx_word' id='word_1_262' title='bbox 824 2778 862 2825; x_wconf 86' lang='lat' dir='ltr'>vel</span> <span class='ocrx_word' id='word_1_263' title='bbox 923 2820 927 2831; x_wconf 81' lang='grc'><strong>,</strong></span> 
     </span>
     <span class='ocr_line' id='line_1_35' title="bbox 42 2841 864 2909; baseline -0.009 -16"><span class='ocrx_word' id='word_1_264' title='bbox 42 2846 129 2895; x_wconf 83' lang='lat' dir='ltr'>rificare</span> <span class='ocrx_word' id='word_1_265' title='bbox 143 2843 201 2908; x_wconf 87' lang='lat' dir='ltr'>quid</span> <span class='ocrx_word' id='word_1_266' title='bbox 216 2845 285 2895; x_wconf 86' lang='lat' dir='ltr'>alicui</span> <span class='ocrx_word' id='word_1_267' title='bbox 295 2843 462 2909; x_wconf 81' lang='lat' dir='ltr'>pernumium.</span> <span class='ocrx_word' id='word_1_268' title='bbox 492 2844 528 2892; x_wconf 87' lang='lat' dir='ltr'>Sic</span> <span class='ocrx_word' id='word_1_269' title='bbox 542 2841 627 2903; x_wconf 68' lang='lat' dir='ltr'>libra.</span> <span class='ocrx_word' id='word_1_270' title='bbox 650 2856 686 2905; x_wconf 84' lang='lat' dir='ltr'>ep.</span> <span class='ocrx_word' id='word_1_271' title='bbox 701 2849 735 2891; x_wconf 82' lang='lat'>16.</span> <span class='ocrx_word' id='word_1_272' title='bbox 751 2844 819 2889; x_wconf 78' lang='lat' dir='ltr'>Mine</span> <span class='ocrx_word' id='word_1_273' title='bbox 832 2841 864 2886; x_wconf 76' lang='lat' dir='ltr'>ad</span> 
     </span>
     <span class='ocr_line' id='line_1_36' title="bbox 42 2902 864 2969; baseline -0.005 -13"><span class='ocrx_word' id='word_1_274' title='bbox 42 2926 84 2956; x_wconf 74' lang='lat' dir='ltr'>&#39;um</span> <span class='ocrx_word' id='word_1_275' title='bbox 99 2909 210 2969; x_wconf 73' lang='lat' dir='ltr'>nostrum,</span> <span class='ocrx_word' id='word_1_276' title='bbox 226 2922 251 2956; x_wconf 81' lang='lat' dir='ltr'>ut</span> <span class='ocrx_word' id='word_1_277' title='bbox 266 2912 285 2954; x_wconf 82' lang='lat' dir='ltr'>is</span> <span class='ocrx_word' id='word_1_278' title='bbox 300 2910 357 2954; x_wconf 78' lang='lat' dir='ltr'><em>nobis</em></span> <span class='ocrx_word' id='word_1_279' title='bbox 373 2920 406 2954; x_wconf 74' lang='lat' dir='ltr'>eas</span> <span class='ocrx_word' id='word_1_280' title='bbox 420 2909 526 2954; x_wconf 76' lang='lat' dir='ltr'>centurias</span> <span class='ocrx_word' id='word_1_281' title='bbox 537 2905 638 2966; x_wconf 79' lang='lat' dir='ltr'>conficiat.</span> <span class='ocrx_word' id='word_1_282' title='bbox 672 2908 725 2952; x_wconf 76' lang='lat' dir='ltr'>Hoc</span> <span class='ocrx_word' id='word_1_283' title='bbox 740 2902 772 2952; x_wconf 70' lang='lat' dir='ltr'>est</span> <span class='ocrx_word' id='word_1_284' title='bbox 789 2917 864 2954; x_wconf 81' lang='lat' dir='ltr'>mone</span> 
     </span>
     <span class='ocr_line' id='line_1_37' title="bbox 42 2966 865 3027; baseline -0.011 -6"><span class='ocrx_word' id='word_1_285' title='bbox 42 2987 55 3021; x_wconf 83' lang='lat' dir='ltr'>n</span> <span class='ocrx_word' id='word_1_286' title='bbox 69 2973 160 3021; x_wconf 88' lang='lat' dir='ltr'>nunciis</span> <span class='ocrx_word' id='word_1_287' title='bbox 175 2973 213 3021; x_wconf 88' lang='lat' dir='ltr'>vel</span> <span class='ocrx_word' id='word_1_288' title='bbox 228 2971 312 3021; x_wconf 85' lang='lat' dir='ltr'>litteris</span> <span class='ocrx_word' id='word_1_289' title='bbox 321 2969 402 3022; x_wconf 79' lang='lat' dir='ltr'>missis.</span> <span class='ocrx_word' id='word_1_290' title='bbox 419 2973 472 3021; x_wconf 80' lang='lat' dir='ltr'>Lib.</span> <span class='ocrx_word' id='word_1_291' title='bbox 484 2982 516 3018; x_wconf 86' lang='lat' dir='ltr'>rr.</span> <span class='ocrx_word' id='word_1_292' title='bbox 531 2966 562 3016; x_wconf 89' lang='lat' dir='ltr'>ad</span> <span class='ocrx_word' id='word_1_293' title='bbox 577 2970 650 3020; x_wconf 77' lang='lat' dir='ltr'>Atric.</span> <span class='ocrx_word' id='word_1_294' title='bbox 677 2974 725 3027; x_wconf 66' lang='lat' dir='ltr'>Non</span> <span class='ocrx_word' id='word_1_295' title='bbox 737 2970 772 3017; x_wconf 79' lang='lat' dir='ltr'>ira</span> <span class='ocrx_word' id='word_1_296' title='bbox 786 2968 816 3012; x_wconf 78' lang='lat' dir='ltr'>ad</span> <span class='ocrx_word' id='word_1_297' title='bbox 829 2983 865 3013; x_wconf 81' lang='lat' dir='ltr'>me</span> 
     </span>
     <span class='ocr_line' id='line_1_38' title="bbox 42 3029 866 3097; baseline -0.013 -11"><span class='ocrx_word' id='word_1_298' title='bbox 42 3051 107 3092; x_wconf 80' lang='lat' dir='ltr'>tunt,</span> <span class='ocrx_word' id='word_1_299' title='bbox 122 3038 236 3097; x_wconf 65' lang='lat' dir='ltr'>Nigidium</span> <span class='ocrx_word' id='word_1_300' title='bbox 247 3037 329 3082; x_wconf 78' lang='lat' dir='ltr'>minari</span> <span class='ocrx_word' id='word_1_301' title='bbox 338 3038 361 3081; x_wconf 82' lang='lat' dir='ltr'>in</span> <span class='ocrx_word' id='word_1_302' title='bbox 371 3038 463 3081; x_wconf 75' lang='lat' dir='ltr'>concione</span> <span class='ocrx_word' id='word_1_303' title='bbox 472 3033 497 3094; x_wconf 74' lang='lat' dir='ltr'>sc</span> <span class='ocrx_word' id='word_1_304' title='bbox 511 3033 625 3092; x_wconf 77' lang='lat' dir='ltr'>judicem,</span> <span class='ocrx_word' id='word_1_305' title='bbox 646 3035 687 3095; x_wconf 82' lang='lat' dir='ltr'>qui</span> <span class='ocrx_word' id='word_1_306' title='bbox 700 3049 739 3078; x_wconf 83' lang='lat' dir='ltr'>non</span> <span class='ocrx_word' id='word_1_307' title='bbox 754 3029 866 3088; x_wconf 78' lang='lat' dir='ltr'>adsuerit,</span> 
     </span>
     <span class='ocr_line' id='line_1_39' title="bbox 42 3092 865 3159; baseline -0.01 -12"><span class='ocrx_word' id='word_1_308' title='bbox 42 3104 160 3148; x_wconf 62' lang='lat' dir='ltr'>allaturum.</span> <span class='ocrx_word' id='word_1_309' title='bbox 193 3097 239 3147; x_wconf 89' lang='lat' dir='ltr'>Ubi</span> <span class='ocrx_word' id='word_1_310' title='bbox 258 3095 364 3147; x_wconf 85' lang='lat' dir='ltr'>similiter</span> <span class='ocrx_word' id='word_1_311' title='bbox 373 3099 462 3143; x_wconf 74' lang='lat' dir='ltr'>mittunt</span> <span class='ocrx_word' id='word_1_312' title='bbox 476 3092 510 3144; x_wconf 81' lang='lat' dir='ltr'>est</span> <span class='ocrx_word' id='word_1_313' title='bbox 520 3093 685 3159; x_wconf 81' lang='lat' dir='ltr'>explicandum</span> <span class='ocrx_word' id='word_1_314' title='bbox 696 3109 737 3159; x_wconf 86' lang='lat' dir='ltr'>per</span> <span class='ocrx_word' id='word_1_315' title='bbox 750 3093 865 3140; x_wconf 85' lang='lat' dir='ltr'>nunciant</span> 
     </span>
     <span class='ocr_line' id='line_1_40' title="bbox 53 3157 865 3217; baseline -0.01 -5"><span class='ocrx_word' id='word_1_316' title='bbox 53 3160 161 3213; x_wconf 83' lang='lat' dir='ltr'>scribunt.</span> <span class='ocrx_word' id='word_1_317' title='bbox 178 3161 201 3217; x_wconf 77' lang='lat' dir='ltr'>J.</span> <span class='ocrx_word' id='word_1_318' title='bbox 215 3165 341 3212; x_wconf 76' lang='lat' dir='ltr'>F.Gronw.</span> <span class='ocrx_word' id='word_1_319' title='bbox 375 3165 412 3207; x_wconf 87' lang='lat' dir='ltr'>lta</span> <span class='ocrx_word' id='word_1_320' title='bbox 422 3160 504 3207; x_wconf 71' lang='lat' dir='ltr'>Greci.</span> <span class='ocrx_word' id='word_1_321' title='bbox 520 3161 617 3209; x_wconf 82' lang='lat' dir='ltr'>Luciam</span> <span class='ocrx_word' id='word_1_322' title='bbox 633 3157 662 3209; x_wconf 81' lang='lat' dir='ltr'>dc</span> <span class='ocrx_word' id='word_1_323' title='bbox 677 3162 759 3206; x_wconf 88' lang='lat' dir='ltr'>Morte</span> <span class='ocrx_word' id='word_1_324' title='bbox 774 3160 865 3212; x_wconf 68' lang='lat' dir='ltr'>Pcrcer.</span> 
     </span>
     <span class='ocr_line' id='line_1_41' title="bbox 42 3215 864 3290; baseline -0.011 -15"><span class='ocrx_word' id='word_1_325' title='bbox 42 3242 71 3284; x_wconf 84' lang='lat'>:5.</span> <span class='ocrx_word' id='word_1_326' title='bbox 94 3224 195 3289; x_wconf 86' lang='lat' dir='ltr'>Euripid.</span> <span class='ocrx_word' id='word_1_327' title='bbox 213 3227 239 3275; x_wconf 89' lang='lat' dir='ltr'>in</span> <span class='ocrx_word' id='word_1_328' title='bbox 254 3223 365 3290; x_wconf 82' lang='lat' dir='ltr'>Epistolis</span> <span class='ocrx_word' id='word_1_329' title='bbox 379 3224 405 3271; x_wconf 87' lang='lat' dir='ltr'>in</span> <span class='ocrx_word' id='word_1_330' title='bbox 418 3223 495 3273; x_wconf 87' lang='lat' dir='ltr'>initio.</span> <span class='ocrx_word' id='word_1_331' title='bbox 518 3221 601 3275; x_wconf 74' lang='lat' dir='ltr'>AElian&#39;.</span> <span class='ocrx_word' id='word_1_332' title='bbox 612 3219 652 3272; x_wconf 86' lang='lat' dir='ltr'>lib.</span> <span class='ocrx_word' id='word_1_333' title='bbox 665 3236 718 3272; x_wconf 78' lang='lat' dir='ltr'>aar.</span> <span class='ocrx_word' id='word_1_334' title='bbox 739 3223 793 3270; x_wconf 82' lang='lat' dir='ltr'>Var.</span> <span class='ocrx_word' id='word_1_335' title='bbox 805 3215 864 3270; x_wconf 73' lang='lat' dir='ltr'>nist.</span> 
     </span>
     <span class='ocr_line' id='line_1_42' title="bbox 42 3297 185 3343; baseline -0.007 -5"><span class='ocrx_word' id='word_1_336' title='bbox 42 3307 83 3343; x_wconf 58' lang='grc'>’.1.</span> <span class='ocrx_word' id='word_1_337' title='bbox 115 3297 132 3336; x_wconf 84' lang='lat' dir='ltr'><em>C</em></span> <span class='ocrx_word' id='word_1_338' title='bbox 156 3306 185 3337; x_wconf 84' lang='lat' dir='ltr'>er.</span> 
     </span>
     <span class='ocr_line' id='line_1_43' title="bbox 42 3302 865 3414; baseline -0.009 -13"><span class='ocrx_word' id='word_1_339' title='bbox 42 3369 69 3402; x_wconf 29' lang='lat'>71.</span> <span class='ocrx_word' id='word_1_340' title='bbox 87 3302 319 3414; x_wconf 56' lang='lat' dir='ltr'>ld,ubumlegeJui1&#39;a</span> <span class='ocrx_word' id='word_1_341' title='bbox 333 3351 450 3413; x_wconf 69' lang='lat' dir='ltr'>relinquere</span> <span class='ocrx_word' id='word_1_342' title='bbox 466 3351 576 3406; x_wconf 56' lang='lat' dir='ltr'>raciones]</span> <span class='ocrx_word' id='word_1_343' title='bbox 601 3351 638 3394; x_wconf 89' lang='lat' dir='ltr'>De</span> <span class='ocrx_word' id='word_1_344' title='bbox 654 3346 708 3410; x_wconf 84' lang='lat' dir='ltr'>lege</span> <span class='ocrx_word' id='word_1_345' title='bbox 723 3343 785 3407; x_wconf 71' lang='lat' dir='ltr'>lulia</span> <span class='ocrx_word' id='word_1_346' title='bbox 799 3341 865 3394; x_wconf 83' lang='lat' dir='ltr'>idem</span> 
     </span>
     <span class='ocr_line' id='line_1_44' title="bbox 42 3406 864 3476; baseline -0.012 -11"><span class='ocrx_word' id='word_1_347' title='bbox 42 3430 56 3465; x_wconf 77' lang='grc' dir='ltr'>,τ</span> <span class='ocrx_word' id='word_1_348' title='bbox 66 3417 92 3464; x_wconf 91' lang='lat' dir='ltr'>in</span> <span class='ocrx_word' id='word_1_349' title='bbox 104 3415 211 3463; x_wconf 86' lang='lat' dir='ltr'>oratione</span> <span class='ocrx_word' id='word_1_350' title='bbox 222 3416 247 3462; x_wconf 92' lang='lat' dir='ltr'>in</span> <span class='ocrx_word' id='word_1_351' title='bbox 257 3410 371 3462; x_wconf 86' lang='lat' dir='ltr'>Pisonem.</span> <span class='ocrx_word' id='word_1_352' title='bbox 390 3428 439 3476; x_wconf 89' lang='lat' dir='ltr'>quo</span> <span class='ocrx_word' id='word_1_353' title='bbox 448 3411 505 3458; x_wconf 87' lang='lat' dir='ltr'>loco</span> <span class='ocrx_word' id='word_1_354' title='bbox 516 3408 604 3458; x_wconf 91' lang='lat' dir='ltr'>inducit</span> <span class='ocrx_word' id='word_1_355' title='bbox 614 3406 689 3472; x_wconf 85' lang='lat' dir='ltr'>ipsum</span> <span class='ocrx_word' id='word_1_356' title='bbox 704 3423 758 3456; x_wconf 92' lang='lat' dir='ltr'>cum</span> <span class='ocrx_word' id='word_1_357' title='bbox 774 3422 864 3471; x_wconf 88' lang='lat' dir='ltr'>genero</span> 
     </span>
     <span class='ocr_line' id='line_1_45' title="bbox 51 3471 864 3544; baseline -0.011 -18"><span class='ocrx_word' id='word_1_358' title='bbox 51 3477 117 3544; x_wconf 86' lang='lat' dir='ltr'>Julio</span> <span class='ocrx_word' id='word_1_359' title='bbox 127 3474 216 3527; x_wconf 82' lang='lat' dir='ltr'>Caesare</span> <span class='ocrx_word' id='word_1_360' title='bbox 231 3478 265 3525; x_wconf 88' lang='lat' dir='ltr'>ita</span> <span class='ocrx_word' id='word_1_361' title='bbox 280 3477 433 3542; x_wconf 84' lang='lat' dir='ltr'>loquentem:</span> <span class='ocrx_word' id='word_1_362' title='bbox 448 3477 551 3543; x_wconf 62' lang='lat' dir='ltr'>Rationes</span> <span class='ocrx_word' id='word_1_363' title='bbox 560 3475 590 3521; x_wconf 71' lang='lat' dir='ltr'>aa</span> <span class='ocrx_word' id='word_1_364' title='bbox 604 3476 704 3521; x_wconf 69' lang='lat' dir='ltr'>arariam</span> <span class='ocrx_word' id='word_1_365' title='bbox 718 3471 784 3520; x_wconf 75' lang='lat' dir='ltr'>retuli</span> <span class='ocrx_word' id='word_1_366' title='bbox 797 3474 864 3519; x_wconf 74' lang='lat' dir='ltr'>conri-</span> 
     </span>
     <span class='ocr_line' id='line_1_46' title="bbox 55 3536 864 3610; baseline -0.006 -21"><span class='ocrx_word' id='word_1_367' title='bbox 55 3575 63 3598; x_wconf 96' lang='lat'>,</span> <span class='ocrx_word' id='word_1_368' title='bbox 84 3542 140 3599; x_wconf 76' lang='lat' dir='ltr'>ficut</span> <span class='ocrx_word' id='word_1_369' title='bbox 157 3553 198 3592; x_wconf 78' lang='lat' dir='ltr'>tua</span> <span class='ocrx_word' id='word_1_370' title='bbox 213 3542 351 3605; x_wconf 59' lang='lat' dir='ltr'>deridebat.</span> <span class='ocrx_word' id='word_1_371' title='bbox 367 3556 442 3610; x_wconf 62' lang='lat' dir='ltr'>‚mque</span> <span class='ocrx_word' id='word_1_372' title='bbox 454 3540 504 3591; x_wconf 77' lang='lat' dir='ltr'>utta</span> <span class='ocrx_word' id='word_1_373' title='bbox 523 3536 572 3587; x_wconf 71' lang='lat' dir='ltr'>dia</span> <span class='ocrx_word' id='word_1_374' title='bbox 591 3537 616 3586; x_wconf 81' lang='lat' dir='ltr'>ia</span> <span class='ocrx_word' id='word_1_375' title='bbox 634 3552 656 3586; x_wconf 81' lang='lat' dir='ltr'>rr</span> <span class='ocrx_word' id='word_1_376' title='bbox 677 3537 719 3603; x_wconf 72' lang='lat' dir='ltr'>legi</span> <span class='ocrx_word' id='word_1_377' title='bbox 731 3549 773 3585; x_wconf 75' lang='lat' dir='ltr'>rua</span> <span class='ocrx_word' id='word_1_378' title='bbox 789 3537 864 3598; x_wconf 72' lang='lat' dir='ltr'>parui.</span> 
     </span>
     <span class='ocr_line' id='line_1_47' title="bbox 42 3605 126 3671; baseline 0.024 -13"><span class='ocrx_word' id='word_1_379' title='bbox 42 3605 126 3671; x_wconf 70' lang='lat' dir='ltr'>torua</span> 
     </span>
    </p>

    <p class='ocr_par' dir='ltr' id='par_1_6' title="bbox 725 3661 871 3725">
     <span class='ocr_line' id='line_1_48' title="bbox 725 3661 871 3725; baseline -0.007 -13"><span class='ocrx_word' id='word_1_380' title='bbox 725 3718 728 3725; x_wconf 57' lang='grc'>,</span> <span class='ocrx_word' id='word_1_381' title='bbox 767 3675 807 3712; x_wconf 82' lang='lat'>22·</span> <span class='ocrx_word' id='word_1_382' title='bbox 822 3661 871 3711; x_wconf 69' lang='lat' dir='ltr'>Noa</span> 
     </span>
    </p>
   </div>
   <div class='ocr_carea' id='block_1_5' title="bbox 0 0 1140 4020">
    <p class='ocr_par' dir='ltr' id='par_1_7' title="bbox 0 0 1140 4020">
     <span class='ocr_line' id='line_1_49' title="bbox 0 0 1140 4020; baseline 0 0"><span class='ocrx_word' id='word_1_383' title='bbox 0 0 1140 4020; x_wconf 95' lang='lat' dir='ltr'> </span> 
     </span>
    </p>
   </div>
  </div>
 </body>
</html>
