2272 4020
133 218 151 237 .·
227 160 416 244 Lre'iin
458 178 770 247 Tel-rive..
831 186 922 264 '155

46 302 112 364 iraec
128 289 290 354 domestica.
326 286 406 365 Quid
426 287 471 351 illa
489 290 603 350 tandem
621 287 791 366 popularia?
817 291 920 351 reditus

47 371 151 437 illustris
164 364 342 444 ingratiam?
361 367 391 424 in
410 384 470 443 quo
497 384 534 427 ne
555 384 603 442 per
624 366 837 441 imprudentiam
859 369 923 457 qui-

49 450 114 509 dem
129 445 209 505 errari
223 442 328 519 potest,
348 440 404 501 sne
417 442 567 518 suspicione
582 442 723 519 perfidiae:
744 444 922 519 ⁴tamplilirmi

49 523 194 589 sacerdotii
206 516 376 596 collegium?
396 519 426 579 in
441 537 572 596 quo-non
586 517 675 579 modii
696 518 846 581 amicitiam
859 523 923 582 vio·
1021 524 1023 533 '

48 602 99 665 lari
112 599 186 677 apud
200 598 318 674 majores
332 594 439 654 nostros
453 597 491 655 fas
505 614 565 656 non
576 609 633 655 erat
648 638 657 665 ,
678 594 744 655 ised
757 614 793 657 ne
807 611 924 673 coopta-

51 680 74 738 ri
88 676 204 754 quidem
218 673 388 733 sacerdotem
401 672 517 742 licebat,
536 675 585 750 qui
597 672 728 748 cuiquam
742 689 777 732 ex
804 674 923 750 collegio

45 749 118 814 ¹eilet
143 751 278 815 inimicus.
318 752 394 827 Quae
422 760 453 807 ut
474 750 603 815 omittam
629 760 688 807 tam
709 749 819 818 multa,
839 762 923 828 atque

52 843 144 897 tanta:
165 829 225 906 quis
239 844 375 903 umquam
389 825 458 883 tanti
471 843 642 904 quemquam
656 825 723 884 fecit
737 867 746 895 ‚
766 838 813 885 aut
832 827 925 887 facete

52 907 163 987 pontit,
183 916 230 965 aut
243 903 362 974 debuit,
382 902 477 978 quanti
496 921 550 980 ego
571 904 624 963 Cn.
638 903 805 979 Pompejum
821 945 830 972 ,
848 903 927 963 soce-

54 1001 117 1046 rum
130 994 189 1040 tuae
201 978 285 1039 filiae?
306 978 419 1038 Etenim
433 977 454 1037 st
467 981 565 1040 merita
578 980 685 1037 valent:
705 978 839 1054 patriam,
858 980 926 1039 libe-

53 1078 119 1128 ros,
136 1057 268 1125 salutem,
288 1055 466 1131 dignitatem,
486 1055 679 1131 memetipsum
694 1056 764 1115 mihi
785 1074 833 1131 per
846 1057 924 1115 illum
1062 1090 1065 1094 -

54 1135 67 1181 f
72 1135 225 1195 restitutum
238 1145 315 1209 puto.
341 1130 362 1192 fi
382 1130 583 1191 consuetudinis
598 1131 769 1208 jucunditas:
790 1151 855 1209 quae
874 1127 951 1191 fuitf
971 1127 1075 1185 restitute

56 1228 194 1289 umquam
208 1210 326 1269 amicitia
338 1206 520 1268 consularium
534 1210 563 1266 in
576 1208 665 1266 nostra
678 1209 787 1266 civitate
808 1209 926 1284 conjun-
934 1195 987 1242 MS·

58 1286 148 1349 trior?
169 1285 267 1345 lulla
289 1285 392 1343 amoris
415 1296 498 1360 atque
511 1285 595 1345 officii
609 1283 697 1359 figna:
715 1284 784 1358 quid
798 1285 867 1343 mihi
880 1287 948 1351 ileu
963 1285 1007 1331 atti
1016 1283 1072 1336 ulla.

59 1368 121 1425 non
134 1358 294 1423 commitit?
314 1359 382 1438 quid
394 1379 453 1421 non
467 1379 580 1422 mecum
595 1360 840 1419 communicavit?
859 1363 926 1438 quid
969 1380 993 1427 P.
1009 1380 1034 1426 u.

61 1439 137 1500 dese
150 1440 181 1498 in
194 1436 304 1508 senatu,
324 1436 456 1511 cumipse
477 1435 598 1507 abellet,
617 1455 666 1513 per
686 1454 857 1513 quemquam
884 1439 927 1513 agi

61 1513 180 1577 maluit?
200 1515 297 1605 quibus
310 1514 354 1572 ille
368 1530 414 1571 me
434 1512 533 1573 hrebus
546 1533 605 1574 non
625 1513 824 1573 ornatiffimum
838 1515 950 1581 voluitt,
965 1533 991 1582 in
1007 1531 1074 1582 rebus

60 1589 245 1669 ampliffime?
256 1609 319 1677 'qua
334 1590 452 1665 denique
465 1592 509 1651 ille
530 1592 673 1659 facilitate,
687 1608 741 1673 qua
755 1592 925 1651 humanitate
933 1611 1059 1645 nonoma-

61 1670 125 1731 tulit
137 1677 349 1734 contentionem
363 1683 456 1723 meam
469 1685 521 1743 pro
542 1667 651 1726 Milone
666 1709 674 1736 ,
694 1666 866 1725 adversante
886 1669 987 1736 inmun
999 1661 1050 1708 aot.

64 1745 177 1807 terdum
191 1744 342 1803 afflonlbus
354 1740 425 1801 suls?
445 1762 503 1820 quo
516 1743 604 1802 studio
624 1742 766 1820 provjdjt'
786 1742 843 1803 ⁶ne
865 1721 1077 1833 quaezssaffll:

63 1840 114 1885 me
127 1822 197 1883 illius
211 1821 342 1900 temporis
355 1817 457 1883 invidia
471 1822 615 1900 attingeret
630 1861 639 1891 ,
659 1819 724 1879 ciem
737 1836 784 1881 me
798 1821 913 1880 consrlio
922 1863 931 1892 ,
939 1846 1036 1898 samem

873 1907 935 1959 tum

65 2058 203 2125 fenoribus
219 2058 299 2107 littaris
315 2058 385 2114 meis,
406 2057 482 2169 quibus
497 2074 531 2106 me
546 2056 597 2119 sape
610 2057 779 2104 veremudiorem
793 2059 816 2103 in
830 2056 934 2119 loquenda

62 2121 132 2182 facis.
163 2125 208 2171 Pro
218 2119 305 2169 eodem
313 2121 370 2172 dicit
381 2118 412 2169 ali
427 2122 436 2169 i
447 2125 563 2169 reconditas
574 2121 653 2169 literas.
671 2119 723 2169 Lib.
736 2135 774 2170 xv.
791 2118 875 2169 Famil.
892 2133 931 2183 ep.

67 2182 105 2237 ei.
123 2184 200 2231 marra
210 2197 270 2232 erant
280 2185 306 2238 ly
315 2185 421 2231 recondiu
432 2187 510 2242 litere,
523 2187 561 2232 vis
570 2201 610 2230 non
620 2196 673 2232 erar.
690 2185 726 2233 sic
735 2185 808 2233 etiam
817 2183 843 2230 in
852 2186 933 2237 Bruto,

66 2244 106 2295 ubi
115 2257 242 2310 titiumque
251 2248 387 2312 conjungit:
402 2252 472 2295 Erant
482 2252 505 2297 in
514 2266 536 2295 eo
543 2248 642 2310 plurima
653 2248 730 2306 litera,
744 2265 780 2294 nec
787 2264 813 2297 ea
823 2248 938 2307 vulgares,
1003 2277 1006 2285 ·

62 2311 104 2374 sed
114 2312 224 2358 interiores
247 2313 328 2357 radam
337 2328 361 2356 ac
370 2311 484 2361 recondite.
501 2309 554 2376 ].F.
562 2313 670 2360 Gronov.

101 2390 126 2432 4.
144 2326 281 2443 Amqlillmi
289 2374 422 2432 fiarcrdota'i.]
443 2379 583 2442 Auguratus.
606 2371 730 2428 filitmlm
742 2383 840 2436 uterque
855 2386 935 2438 augur.

70 2449 141 2510 ομ
157 2436 183 2485 &
194 2435 255 2483 nbro
266 2431 365 2484 secundo
375 2449 412 2499 ep,
426 2450 461 2492 1³·
486 2434 650 2498 ,Anrplrffimum
665 2448 744 2484 autem
758 2449 829 2487 vocnt
840 2437 939 2496 [κενώ-

68 2496 508 2624 im’iilliiitf‘iiitltii
516 2496 939 2626 imillil‘llglttiltlil

190 2597 196 2604 ⁴
307 2592 314 2618 i

69 2636 155 2675 amem
166 2626 297 2672 maximum
308 2637 362 2671 vere
371 2625 513 2684 sacerdotium
526 2623 675 2686 anaplaffimum
683 2636 753 2672 vocat
763 2621 822 2672 Phil.
836 2639 870 2678 13·
888 2628 938 2671 Au·

70 2700 144 2753 gotes
154 2697 235 2735 autem
248 2688 310 2736 inter
319 2682 449 2735 sacerdotes
457 2681 539 2743 fuisse,
554 2686 642 2739 indicat
653 2686 739 2734 Plirriua
755 2683 795 2735 lib.
808 2700 868 2734 vnn
886 2700 938 2750 cap,

72 2759 111 2801 28.
128 2748 167 2797 his
177 2748 269 2800 verbise
286 2752 467 2810 Artemarrguria
478 2749 546 2808 fecere
556 2751 613 2812 apud
626 2754 752 2817 Romanoa:
769 2752 795 2800 (ff
808 2749 944 2810 succideram

71 2813 187 2876 collegium
196 2813 233 2859 vel
241 2814 336 2858 maxime
340 2812 439 2870 sollemne
448 2809 483 2869 est.
505 2816 529 2862 P.
542 2816 636 2862 Manut.

108 2891 129 2931 ς.
148 2875 192 2921 sed
204 2893 229 2922 ne
269 2877 314 2920 tari
327 2875 414 2937 quidem
425 2874 552 2933 sacerdotem
565 2876 657 2932 licebat]
677 2871 749 2935 Qtod
764 2871 853 2930 Aldus,
868 2877 943 2923 Lam·

74 2937 160 2993 binus,
176 2939 202 2987 δι
213 2888 268 3001 poll
274 2951 316 2984 eos
326 2934 398 2985 celeb.
411 2936 514 2988 Graevius
524 2939 626 2987 in‘MSS.
642 2949 792 3000 repererunt,
808 2938 857 2997 iure
872 2938 943 2985 meai·

74 3012 104 3048 to
120 2999 234 3049 ciceroni
244 2997 347 3056 reddidi,
363 2996 565 3059 contrainjustam
576 2997 696 3049 Gebhardi
710 2997 857 3049 sententiam.
884 3000 943 3061 Quia

76 3062 146 3117 enim
157 3059 230 3110 uelcit
244 3074 336 3125 cooptare
350 3064 470 3130 proprium
479 3057 525 3109 effe
538 3061 637 3113 veebum
651 3063 677 3110 in
692 3060 807 3128 eligendis
817 3059 944 3112 sacerdoti·

74 3123 122 3174 bus
132 3135 204 3197 atque
214 3124 353 3190 auguribus,
369 3127 410 3189 qui
425 3126 451 3174 in
467 3123 584 3174 demortui
599 3123 723 3175 sacerdotis
744 3137 783 3172 aut
799 3123 890 3186 auguris
905 3122 944 3171 lo·

73 3202 133 3237 eum
145 3187 219 3235 altum
228 3190 254 3235 in
264 3188 393 3255 collegium
404 3185 469 3237 suum
485 3185 635 3240 adsumebaut
647 3224 655 3247 ,
669 3185 717 3238 sive
727 3185 890 3250 coeptabant?
905 3199 943 3250 ep.

77 3266 100 3309 ς.
118 3246 149 3297 ad
159 3255 273 3300 linitum:
291 3255 405 3298 Ciceronem
415 3250 507 3311 nostmm
516 3251 643 3311 inveslrum
657 3251 765 3310 collegium
780 3267 813 3294 coo
827 3251 872 3294 rari
887 3251 944 3301 nole,

105 3326 160 3360 uem
169 3313 263 3371 locum,
281 3315 306 3362 δι
322 3313 368 3364 alia
379 3312 440 3363 lianc
456 3311 571 3378 loquendi
585 3310 777 3361 consuetudinem
788 3262 947 3367 illinenda,

77 3390 94 3426 a
113 3373 178 3423 duxit
188 3371 297 3426 illustriss]
313 3374 472 3449 spanhemius.
489 3373 637 3427 Differmcn.
659 3380 698 3424 De
713 3372 785 3425 erest.
803 3370 886 3424 &Usu
895 3377 948 3423 Nu·

76 3434 158 3493 mism
175 3454 199 3505 p.
210 3446 262 3496 ³⁶7·
277 3439 387 3502 editionis
397 3454 462 3493 meae.
480 3440 576 3502 Verburg,

33 3560 37 3567 ,
110 3508 136 3556 6.
150 3507 185 3553 Ne
193 3518 240 3572 qua
253 3518 288 3555 m
299 3503 364 3561 illius
375 3508 477 3576 tmtporit
484 3505 720 3570 invidiarmiruerrtd
739 3506 820 3565 Quum
837 3494 953 3614 ”ssnffiffl
