2272 4020
213 148 275 214 260
335 141 446 237 Errsr.
461 158 511 207 Ar>
532 139 759 219 Murmura,
780 154 824 202 ar
846 154 1002 206 cernuos

211 268 306 318 tamen
321 253 374 313 else
387 253 546 314 functurum
557 251 817 313 3benivolentiffimi
829 248 1086 327 atqueamiciffimi;

212 349 298 408 quem
312 350 360 391 me
372 332 421 389 tibi
442 333 473 389 ὃ(
492 328 569 390 fuisse
588 330 695 406 semper
714 326 850 389 existimes
868 327 972 398 velim,
993 329 1023 386 bc
1043 328 1088 386 su·

213 405 375 469 turum‘else
389 406 520 493 considas.

457 567 838 622 ErisTOLA'xvu.

244 700 296 748 nn
303 701 334 749 G.
366 697 460 759 Excuſso
468 697 594 745 tarditatem
604 698 727 743 litterarum
738 695 849 756 suerum:
870 699 970 745 horem
986 696 1084 743 Sextium

213 773 239 808 eet
254 764 326 808 exulis*
338 763 409 822 casum
420 761 526 822 fiepientee
535 756 665 822 fortiterque
677 758 745 816 ferat.
761 760 826 822 idque
842 773 866 806 ut
879 764 900 806 ei
917 760 1044 823 persuadeat
1058 761 1084 811 dy·

214 837 240 873 eet
254 824 357 888 affliffum
374 825 504 883 consoletur,
524 828 647 881 argumente
660 821 728 880 sumit
747 836 761 866 a
777 826 883 868 communi
898 827 995 870 emnium
1014 824 1083 868 homi·

215 892 268 935 nain
276 888 405 940 conditione,
420 886 446 930 ab
460 883 522 946 ipfius
537 884 611 928 Sextii
619 885 722 937 virtute,
737 883 764 929 ab
777 886 896 946 exmplis,
911 901 926 929 a
936 886 998 946 stateo
1013 889 1084 947 reipu-

216 951 292 1006 blica,
323 967 337 994 a
357 950 428 995 Sextii
443 946 512 1006 filie,
543 960 558 989 a
571 945 658 1004 judicio
677 949 815 1004 amicerum,
830 947 856 992 alr
870 947 934 1006 istm
952 947 1083 1009 conscientia.

211 1008 1083 1137 {sissols.'.l.ss‘2s.?l.s⁰‚“ll”.l²sl.‘lfs.”5.waimis

215 1150 253 1185 eur
264 1137 348 1247 0ngss
375 1136 487 1190 [ΜΟ.
505 1135 595 1191 Deo]
609 1131 792 1199 Hancpraecessit
803 1148 839 1199 ep.
848 1149 868 1191 5.
885 1132 927 1185 lib.
935 1149 967 1184 11.
994 1136 1083 1199 equitur

217 1214 254 1264 ep.
263 1215 298 1258 14.
349 1211 411 1246 .vrr.

362 1338 406 1397 M.
426 1338 459 1396 C.
484 1338 515 1398 P.
535 1335 728 1408 SEXTIO,
748 1337 777 1396 P.
797 1340 827 1398 F.
854 1337 879 1397 S.
898 1338 938 1398 D.

281 1479 338 1537 On
359 1477 499 1536 oblivione
513 1479 644 1536 arnicitiae
664 1476 781 1546 nostrae,
800 1494 893 1554 neque
913 1477 1087 1539 intermissio·
1127 1534 1130 1559 Ι

293 1573 329 1613 ne
343 1554 547 1614 consuetudinis
560 1572 652 1622 meae,
670 1553 850 1630 superioribus
866 1556 1040 1629 temporibus
1057 1554 1089 1614 ad

217 1640 247 1686 te
262 1631 345 1689 nullas
358 1630 457 1689 litteras
472 1630 532 1688 rnisr
539 1653 549 1698 ;
568 1630 614 1689 sed
627 1629 705 1705 quod
719 1631 809 1705 priora
822 1642 950 1705 tempora
964 1632 995 1689 in
1009 1632 1088 1691 minis

217 1708 376 1781 reipublicae
401 1706 549 1782 nostrisque
569 1705 737 1781 jacuerunt:
758 1704 907 1781 posteriora
927 1718 1024 1765 autem
1044 1724 1088 1765 me

218 1776 408 1854 describendo,
427 1785 480 1841 tuis
492 1780 664 1858 injulrflimis
683 1794 767 1858 atque
787 1782 960 1863 acerbissimis
979 1784 1088 1843 incom·
1128 1778 1130 1787 '

216 1858 331 1929 modis,
351 1859 526 1919 retardarunt.
566 1856 640 1915 Cum
654 1857 722 1917 verb
738 1858 954 1916 &intervallum
972 1860 1034 1934 jam
1052 1858 1088 1919 sa-

215 1934 249 1991 tis
262 1935 379 2011 longum
393 1933 499 2003 fuisset,
520 1935 550 1991 ὃ(
569 1944 645 1992 tuam
668 1935 800 1993 virtutem
820 1934 962 2011 animique
983 1936 1089 2013 magni·

68 2010 206 2065 buxul-
216 2010 344 2070 tudinem
359 2010 510 2086 diligentius
525 2006 609 2068 essem
624 2028 737 2068 mecum
758 2010 938 2070 recordatus:
958 2030 1021 2071 non
1040 2028 1090 2089 pu·

212 2089 276 2151 tavi
297 2084 350 2144 else
370 2087 490 2144 alienum
511 2086 634 2145 institutis
654 2088 747 2155 meis,
772 2087 835 2144 haec
855 2085 890 2144 ad
910 2099 950 2145 te·
966 2088 1091 2149 scribere.

217 2162 282 2239 Ego
295 2175 341 2232 te,
360 2163 389 2219 P.
404 2162 494 2231 Serti,
515 2163 649 2237 &primis
662 2162 832 2236 temporibus
852 2162 924 2232 illis,
944 2165 1046 2240 quibus
1063 2166 1091 2225 in

218 2238 351 2299 invidiam
365 2235 474 2306 absens,
494 2239 566 2296 &in
580 2239 685 2297 crimen
706 2239 840 2296 vocabare
856 2280 864 2307 ,
883 2238 1022 2299 defendi:
1044 2243 1091 2312 ἃ,

220 2313 286 2372 cirm
300 2313 382 2372 intui
397 2313 592 2372 familiarissimi
602 2313 710 2389 judicio
729 2331 762 2372 ac
782 2313 904 2390 periculo
919 2327 1026 2376 atuum
1042 2320 1092 2377 cn'-

219 2407 289 2448 men
302 2390 531 2467 conjungeretur,
550 2400 582 2447 ut
594 2392 674 2464 potui
686 2388 882 2448 accuratissime
902 2404 931 2449 te
951 2405 1091 2472 tuamque

215 2468 326 2543 causam
339 2477 440 2526 tutatus
452 2465 528 2526 sum:
549 2466 579 2526 &
591 2465 736 2542 proxime,
756 2467 860 2526 recenti
874 2465 998 2528 adventu
1011 2489 1093 2542 meo,

978 2570 981 2575 ·
1024 2547 1089 2608 clim

249 2717 271 2758 3.
288 2699 477 2763 Benevoleneeffime‘
485 2700 698 2766 aequeamieiffiml.]
727 2697 776 2750 Etsi
786 2699 929 2750 benevolentia
975 2714 991 2747 ο
1009 2714 1094 2751 amore

216 2761 328 2823 sunum,
344 2768 400 2830 quia
410 2780 484 2813 nemo
496 2764 546 2813 sere
556 2766 686 2830 cuiquam,
703 2762 745 2812 nifi
761 2778 833 2827 quem
848 2776 933 2819 amet,
980 2779 1012 2812 ne
1029 2766 1093 2815 velle

217 2825 324 2892 beneque
335 2843 362 2875 cu
379 2843 417 2876 ere
428 2826 531 2876 videtur:
547 2829 641 2897 proprie
650 2839 732 2875 tamen
741 2828 851 2872 benevolus
863 2824 892 2873 ab
903 2826 984 2873 amico
996 2859 1005 2882 ,
1023 2831 1050 2878 δι
1061 2829 1093 2875 be·

215 2893 338 2938 aevolentia
349 2844 378 2938 ag
393 2892 497 2939 amicitia
511 2889 596 2938 diflert.
612 2889 678 2954 quod
689 2889 726 2937 hic
737 2888 803 2937 loeus
816 2886 936 2944 ostendit,
953 2890 981 2937 δι
997 2889 1043 2939 ille
1052 2890 1092 2942 lib.

218 2967 241 3002 1.
258 2951 373 3003 deFinib.
389 2955 451 3018 Qos
462 2967 487 2999 tre
499 2955 573 3015 paullo
584 2966 632 2999 ante
646 2966 695 3000 tum
711 2955 851 3006 memoriter,
869 2963 917 2997 tum
936 2954 1006 2999 etiam
1026 2959 1095 3001 miae

218 3016 245 3068 de
256 3014 353 3063 benevole
362 3016 468 3079 collegisti.
502 3021 532 3063 Et
544 3015 569 3063 in
579 3016 688 3064 oratione
698 3029 743 3078 pro
753 3015 832 3077 Oppio
845 3046 853 3070 ,
869 3014 933 3074 eujus
949 3011 1092 3065 testimonio

218 3080 291 3127 utitur
304 3077 389 3128 libne.
422 3076 613 3140 quindilianus:
631 3085 647 3124 0
663 3094 756 3126 amorem
772 3081 873 3123 mirum!
896 3094 907 3122 ο
922 3076 1092 3126 benevolentiam

213 3142 343 3208 fingularem
354 3152 363 3188 ι
380 3139 420 3190 nd
430 3142 534 3250 Apipium
543 3155 579 3204 ep.
587 3156 609 3194 9.
624 3138 666 3190 lib.
674 3155 720 3190 111.
734 3140 813 3199 mrq'ot
822 3139 909 3188 amoris
920 3139 957 3185 uis
966 3154 1045 3203 quam
1055 3140 1094 3191 be·

219 3205 360 3252 nevolentiae
371 3203 459 3252 demon
481 3217 550 3251 ratur.
567 3205 631 3250 Nileil
645 3204 673 3263 est
690 3200 790 3266 (inquit)
806 3202 862 3264 quod
873 3201 946 3262 studio
964 3234 974 3258 ,
991 3206 1018 3256 er
1035 3206 1093 3253 bm-

218 3267 328 3321 volentia,
343 3270 379 3313 vel
389 3284 460 3313 amere
466 3271 538 3329 petius
548 3267 603 3327 effici
611 3284 652 3312 nen
662 3265 728 3329 poffit.
747 3267 874 3314 RMstnut.

249 3345 273 3386 4.
290 3333 361 3375 Tuum
370 3333 448 3375 crimen
457 3333 631 3394 conjungeretur,
648 3343 672 3376 eet
684 3331 765 3391 potat]
795 3330 832 3375 Sic
841 3341 927 3375 omnes
937 3324 994 3378 mff.
1015 3330 1092 3379 aevi·

217 3389 318 3438 storius:
335 3390 376 3438 alii
386 3404 467 3441 tamen
477 3405 539 3440 tuum
549 3409 623 3439 nornen
637 3395 690 3452 conj.
706 3389 773 3454 quim
785 3393 854 3452 petrei.
870 3389 954 3439 verum
968 3396 997 3439 τὸ
1014 3397 1092 3440 crim

217 3452 357 3518 irreptitium
366 3466 433 3518 putat
443 3450 489 3508 esse
500 3454 654 3507 Gulielmius:
670 3468 750 3518 aeque
759 3467 805 3519 ego
815 3448 933 3507 diffinio.
950 3455 1062 3503 Gebhard.
