2206 3914
236 148 294 215 128
349 143 487 211 Errat.
507 164 565 209 nn
586 142 756 210 Antion
777 141 1023 211 torenton

233 274 284 315 nus
298 258 383 315 irem:
403 270 432 315 te
445 259 474 316 in
490 256 612 332 optima
624 256 766 332 provincia
781 253 850 312 velle
870 250 942 323 elle,
961 268 994 313 ut
1033 252 1093 315 uhi

232 333 353 407 primum
381 334 548 392 decederes:
567 334 652 409 quin,
672 330 722 391 nili
749 350 802 419 ego
829 327 962 389 successor
990 272 1093 393 eidem.

233 426 320 481 quem
341 422 371 466 tu
392 428 503 485 cuperes
523 409 640 477 videte,
667 418 807 475 mantea,
826 405 911 483 quam
933 407 984 465 tibi
997 392 1094 483 succes¹

232 484 292 543 sum
307 482 388 554 esset,
409 480 578 545 decessurum
592 484 692 544 fuisse:
712 483 790 560 quod
810 482 924 559 quidem
952 497 1012 542 etat
1031 502 1095 545 con·

232 560 393 619 sentaneum
408 581 472 621 cum
488 564 518 621 iis
531 564 640 631 litteris,
660 580 726 637 quas
740 578 793 636 ego
808 562 911 618 Romae
919 576 1096 635 acceperam:

233 654 266 693 ex
281 638 379 712 quibus
391 636 549 715 perspexisse
564 640 633 697 mihi
647 638 773 707 videbar,
792 635 877 712 quim
892 634 1032 695 festinares
1052 636 1096 697 de·

232 713 339 771 cedere.
378 715 515 789 Respondi
538 715 665 785 Clodio,
685 733 732 773 me
752 716 789 773 ita
810 706 863 770 effe
884 712 1023 771 saelorum
1039 754 1050 783 ,
1068 730 1097 775 m

232 791 322 849 tmdto
336 790 449 865 quidem
463 790 603 859 libentius,
624 791 710 868 quam
724 790 744 849 st
764 788 829 849 illud
843 784 907 845 esset
921 788 1097 861 faciendum¹

232 866 309 940 quod
322 866 497 940 promiseram
511 868 630 925 Phaniae.
670 869 710 926 lta
724 870 755 927 ἃ
767 864 909 927 consilium
925 866 1051 935 mutavi,
1070 868 1098 927 81

234 942 267 999 ad
281 954 309 998 te
322 942 410 1001 statim
425 962 486 1001 meu
501 960 586 1001 manu
598 943 705 1017 scriptas
718 945 817 1002 litteras
838 939 898 999 mist
912 963 922 1009 ;
951 960 1019 1019 quas
1038 944 1099 1019 qui-

83 1022 99 1074 f
111 1021 140 1071 nd
155 1036 179 1072 re
234 1016 299 1075 dem
314 1036 348 1075 ex
366 1021 417 1077 tuis
430 1019 522 1077 litteris
536 1019 656 1077 intellexi
669 1020 727 1078 satis
743 1016 849 1077 mature
863 1015 914 1075 fad
926 1030 956 1077 te
969 1016 1024 1077 else
1037 1034 1099 1095 per·

83 1088 305 1151 deeslmlro‘.1-,1ms‚
345 1096 412 1153 Hoc
426 1114 480 1171 ego
502 1114 568 1153 meo
590 1096 664 1153 laeto
684 1096 764 1154 valde
784 1093 914 1152 deleeior.
934 1096 1002 1155 nihil
1021 1096 1099 1157 enim

233 1172 323 1243 potuit
336 1169 394 1229 fieri
414 1174 555 1230 amantiae.
595 1171 743 1231 Confideta
770 1188 844 1230 nunc
871 1170 987 1229 uieissim
1006 1184 1099 1235 tuum.

233 1246 301 1306 Non
316 1246 404 1305 modo
418 1250 456 1307 ibi
469 1268 527 1307 non
541 1248 629 1318 fuisti,
648 1251 695 1307 ubi
709 1268 755 1306 me
770 1248 854 1325 qu‘am
869 1246 989 1321 primum
1000 1248 1098 1309 videre

233 1320 337 1397 polles,
357 1323 402 1383 sed
415 1324 452 1383 ei)
466 1325 613 1393 diseellissi‚
632 1324 691 1402 quo
712 1343 765 1401 ego
786 1338 814 1383 te
835 1341 871 1382 ne
891 1324 966 1399 perse
985 1324 1014 1383 ui
1033 1328 1098 1401 qui-

233 1398 299 1457 dem
312 1397 418 1474 possem
432 1402 540 1476 triginta
554 1402 663 1472 diebus,
685 1401 767 1477 3⁶qui
785 1401 835 1460 tibi
854 1400 889 1457 ad
902 1400 953 1459 dee
989 1400 1098 1464 endum

232 1474 293 1549 lege
308 1478 350 1551 (ut
364 1476 473 1551 opinor)
490 1478 619 1536 Cornelia
633 1479 774 1537 constituti
786 1474 877 1535 essent.
917 1490 948 1536 ut
959 1488 1041 1537 tuum
1056 1480 1098 1541 fa·

232 1550 331 1619 etum,
353 1554 416 1627 qui,
436 1571 494 1629 quo
521 1556 616 1612 animo
644 1556 713 1612 inter
740 1573 790 1613 nos
818 1553 924 1622 strnue,
950 1554 1098 1629 ignorant.

232 1628 312 1685 alieni
326 1629 463 1698 hominia,
484 1629 526 1706 (ut
546 1629 676 1689 levissime
698 1630 800 1695 dieaml
828 1634 857 1689 &
878 1631 1009 1705 fugientis
1028 1650 1098 1695 eon·

230 1701 348 1777 greffum
371 1729 379 1773 ;
414 1724 510 1764 meum
537 1706 605 1765 vero
638 1698 848 1783 conjundiifiimi
881 1709 910 1764 &
943 1708 1097 1773 amicissimi

233 1776 285 1837 olle
300 1781 429 1840 videatur.
468 1784 512 1841 Ae
533 1784 601 1841 milti
620 1797 714 1843 tamen
734 1783 814 1854 ante,
834 1782 918 1860 qu‘am
941 1786 970 1843 in
984 1787 1097 1865 provin-

138 1893 145 1908 .
178 1891 186 1909 .
233 1858 304 1914 eiam
319 1860 459 1929 venirem,
478 1860 591 1919 redditae
605 1860 665 1919 sum
684 1860 742 1919 ite
755 1862 867 1919 litterae:
888 1860 986 1936 quibus
1006 1862 1097 1925 edite

234 1932 352 1991 Tarsum
366 1936 497 2010 proficisci
518 1936 717 1996 demonstrabas
733 1981 740 2006 ,
760 1950 854 1995 tamen
874 1936 944 1994 milti
964 1956 1024 1997 non
1046 1938 1097 1999 du·

232 2008 306 2067 biam
326 2011 400 2086 spem
423 2014 479 2071 mei
500 2015 684 2073 conveniendi
705 2013 852 2072 afferabas:
886 2011 951 2069 clim
973 2014 1097 2089 interea,

234 2087 318 2145 eredo
333 2088 485 2163 equidem,
512 2091 634 2148 malivoli
654 2090 781 2149 homines
802 2088 904 2165 (utute
926 2090 1003 2149 enim
1021 2104 1097 2167 patet

231 2162 288 2219 hoe
301 2164 416 2233 vitium,
438 2162 465 2217 3⁸
474 2166 504 2222 de
516 2166 552 2223 est
565 2166 641 2224 enim
655 2167 684 2225 in
698 2166 800 2242 multis)
814 2164 861 2225 sed
880 2178 976 2227 tamen
997 2170 1097 2303 pgiribas

1047 2262 1096 2305 em

263 2470 274 2509 3
279 2470 298 2511 5.
316 2458 529 2519 Primaprovincia.]
543 2462 571 2507 In
582 2456 661 2517 aditu,
678 2460 704 2509 ὰ
714 2460 740 2509 in
754 2460 830 2525 prima
846 2460 944 2525 regione
959 2460 1096 2525 pmvtuctae.

232 2516 268 2565 sic
282 2522 375 2581 primam
399 2519 498 2578 fabulam
520 2538 563 2587 pro
585 2523 655 2573 initio
668 2521 752 2571 fabula
775 2523 833 2572 dixit
855 2525 978 2575 Terentius
994 2526 1020 2573 in
1031 2524 1096 2577 Ptol.

232 2578 333 2645 Adelph.
346 2584 474 2643 nearest-ms
482 2584 523 2643 qil,
539 2590 579 2650 qui
588 2588 658 2634 lenoni
667 2590 745 2649 eripuit
754 2592 882 2635 meretricem
892 2593 915 2635 iu
926 2592 998 2650 prima
1005 2586 1093 2646 fabule.

232 2646 293 2691 Huic
304 2647 446 2695 contrarium
457 2650 536 2695 uln'ma
549 2654 661 2711 provincia
678 2665 721 2714 pto
742 2662 849 2700 extrema
864 2653 960 2715 regione
974 2650 1013 2699 vel
1029 2662 1096 2714 parre

232 2710 362 2768 provincia.
381 2707 430 2759 Lib.
437 2724 458 2760 v.
476 2711 506 2759 ad
516 2715 586 2761 Attic.
598 2728 634 2778 ep.
643 2722 678 2762 16.
696 2718 797 2776 Appius,
813 2728 837 2760 ur
852 2718 939 2760 airdivit
953 2730 989 2759 nos
1004 2716 1095 2771 venire,

232 2772 256 2813 in
267 2771 368 2817 ultimam
374 2776 508 2834 provinciam
515 2778 538 2837 se
548 2779 640 2835 coniecit.
659 2778 695 2825 Sic
704 2780 783 2823 ultima
797 2778 847 2822 edis
859 2789 901 2836 pro
913 2776 1031 2839 postrema
1042 2790 1095 2840 pat·

230 2840 256 2879 te
267 2830 351 2879 adium
362 2835 423 2897 apud
435 2842 678 2890 Tamannouna.
696 2840 734 2899 Est
742 2839 798 2885 mihi
805 2840 889 2883 ultimis
902 2843 999 2886 toaclave
1007 2843 1031 2886 in
1042 2840 1095 2887 ads·

232 2894 270 2941 bus
280 2896 386 2957 quoddam
397 2914 459 2948 retro.
476 2900 497 2962 J.
504 2904 529 2948 F.
538 2905 644 2951 Gronov.
1000 2928 1003 2933 ·

266 2964 303 3009 36.
318 2958 419 3019 Qilt'bt'
427 2962 456 3005 ad
464 2965 549 3009 decedere
612 2971 621 3023 J
636 2965 697 3021 Alii,
712 2962 742 3009 ad
750 2960 919 3021 succedendum
936 2964 1095 3031 poffequetfl·

233 3020 284 3067 neti
293 3019 354 3069 nette
366 3023 477 3069 utrumvis
489 3023 554 3071 existi
581 3040 604 3073 o.
623 3032 726 3073 camno.

266 3099 302 3137 3⁷.
320 3088 373 3131 Late
382 3087 436 3129 enim
459 3099 501 3131 atet
511 3090 650 3143 lmroiffum,
664 3090 690 3141 ὼ·
703 3086 731 3148 est
745 3089 768 3132 in
777 3086 871 3145 multia]
888 3092 986 3149 Veneti,
1003 3106 1026 3143 et
1039 3096 1095 3155 affl}

232 3143 352 3208 dupliezua
362 3098 503 3209 patetrtsreli‚
520 3150 567 3196 ita:
585 3151 639 3197 Lare*
650 3156 706 3200 enim
718 3161 776 3212 patet
785 3152 822 3194 hoc
831 3154 932 3209 vinum,
953 3156 981 3213 est
997 3164 1054 3207 enlm
1068 3164 1095 3209 iu

232 3212 315 3257 multis.
332 3208 397 3272 quod
409 3212 433 3257 δι
444 3208 489 3258 ess'e
500 3226 580 3260 verum
591 3212 667 3265 eredo.
684 3212 749 3260 idem.

265 3280 301 3321 38.
317 3277 347 3318 Et
357 3273 450 3331 estertr'm
461 3279 482 3320 iu
493 3277 587 3334 astuitia]
602 3282 660 3326 Non
670 3270 735 3324 ulfila
751 3272 801 3322 sum
816 3272 956 3327 discedeted
972 3283 1094 3342 Villot'ffi

232 3331 338 3401 ⁸l’all.lec.
346 3348 420 3398 quart.
429 3339 502 3401 quint.
515 3340 603 3386 Primus
614 3342 697 3387 vitium
706 3336 735 3396 est
743 3342 799 3385 em'm
810 3343 833 3384 in
843 3342 931 3385 multis:
949 3360 999 3392 non
1010 3360 1094 3397 tam

232 3394 412 3456 improbandam
422 3399 500 3459 judico
514 3400 643 3451 lestionem
656 3398 709 3451 cod.
722 3398 790 3450 Peck.
806 3401 850 3450 lare*
864 3406 920 3449 enim
931 3418 990 3467 patet
1004 3413 1042 3458 hoc
1055 3412 1094 3459 vi·

231 3458 301 3516 rima,
317 3459 342 3510 df
354 3464 377 3507 itt
388 3466 470 3513 nutritis.
488 3461 604 3514 Gebhard.

1000 3552 1037 3593 39.
1053 3538 1094 3583 fo·
