2272 4020
42 39 1110 73 Ἦ

138 244 142 253 “
222 229 414 291 Itanum
456 222 747 305 Quintus.
856 235 917 298 249

48 333 159 394 caulam
173 330 310 400 nostram,
329 328 491 388 vitabimus:
511 327 595 402 idque
608 337 639 384 ut
654 328 735 387 facias
751 372 760 399 ,
779 344 917 404 rogamus.

48 412 113 479 Ac,
132 407 253 469 neforte
268 409 383 474 mirere,
403 422 469 475 cur,
489 402 553 463 cum
575 403 643 462 mihi
661 403 731 479 saepe
752 404 916 474 ostenderis,

46 498 76 545 te
104 482 299 547 accuratissime
326 482 483 541 nostrorum
510 493 671 554 temporum
699 480 808 538 consilia
832 494 913 559 atque

47 574 164 623 eventus
176 562 268 622 litteris
283 558 475 617 mandaturum
491 598 501 625 ,
519 555 577 614 ite
598 554 627 613 id
647 573 721 614 nunc
736 568 831 615 atanto
846 566 936 632 ope-³
951 556 1063 606 actitant·

48 657 79 697 re
107 640 213 697 &tam
235 637 325 695 multis
353 634 441 691 verbis
461 644 586 709 petamus
609 652 615 689 :
650 632 692 691 illa
713 650 764 691 nos
784 633 914 707 cupiditas
922 632 1000 681 ΨΚ·

47 713 190 783 incendit,
209 713 244 773 de
257 730 312 788 qua
326 711 405 769 initio
419 707 507 784 scripsi
522 751 531 777 ,
550 706 727 766 festinationis
742 751 750 777 ,
770 707 848 782 quod
863 710 917 768 ala-

49 807 110 851 cres
124 792 219 849 animo
232 788 344 847 sumus:
365 798 395 843 ut
416 786 446 842 &
461 785 545 843 ceteri
560 825 568 853 ,
589 785 741 842 viventibus
763 785 864 853 nobis,
885 802 919 846 ex

49 867 145 927 litteris
159 866 211 927 tuis
225 884 277 924 nos
292 859 482 938 cognoscant,
502 862 532 918 &
552 858 709 935 nosmetipsi
729 861 786 919 vivi
805 861 920 935 gloriola

49 942 142 1001 nostra
156 942 334 1017 perfruamur.
372 938 425 995 His
438 936 565 999 derebus
583 979 591 1005 ,
611 936 678 1012 q'uid
699 936 805 994 acturus
825 937 879 1005 sis,
899 937 920 995 fi

49 1018 100 1079 tibi
115 1016 225 1077 nonest
243 1015 406 1083 molestum,
426 1013 548 1071 rescribas
567 1013 638 1072 mihi
659 1012 750 1071 velm.
790 1013 816 1070 Si
845 1014 919 1071 enim

50 1093 160 1169 suscipis
167 1093 274 1151 causam
284 1089 446 1159 ,conficiam
455 1101 669 1148 commentarios
684 1107 773 1146 rerum
783 1093 919 1149 omnium.
966 1109 990 1156 1³.
1006 1111 1034 1158 u.

53 1166 103 1241 Sin
128 1181 222 1228 autern
243 1166 333 1226 differs
354 1184 400 1223 me
421 1167 449 1224 in
471 1168 579 1241 tempus
600 1165 695 1223 aliud:
716 1184 811 1224 coram
826 1179 924 1224 tecum'

54 1244 161 1322 loquar.
180 1258 212 1303 tu
224 1242 327 1303 interei
342 1261 401 1300 non
416 1238 540 1310 cessabis,
561 1243 590 1299 ὃ(
604 1229 1013 1318 ea,quaehabesbmsti-ltl1⁸·
1031 1233 1071 1279 ’δ’

54 1333 115 1383 tuta
133 1364 142 1392 ,
161 1322 319 1398 perpolies,
338 1318 445 1395 nosque
459 1312 560 1395 diliges.
579 1317 658 1378 Vale.
928 1296 1071 1411 {detumea-

303 1489 563 1540 EI’IS'I'OLA
595 1490 671 1538 XIII.

91 1618 142 1663 AR
150 1617 180 1667 G.
216 1617 329 1663 ciceronem
351 1617 375 1662 in
391 1614 448 1661 obitu
463 1612 518 1673 filie
532 1616 632 1674 Luccejut
648 1613 727 1659 litteris
742 1613 855 1672 consolatus
869 1626 922 1668 nat,

59 1696 86 1724 ea
103 1680 179 1725 littere
194 1689 297 1740 quantum
307 1676 456 1740 profecerint,
484 1678 509 1728 &¹
522 1676 589 1734 fimus
611 1691 676 1739 quam
695 1678 761 1720 omnis
786 1679 923 1737 recuperande

58 1744 111 1803 reip.
123 1741 170 1803 spes
186 1740 262 1799 amt'ffia
272 1740 320 1797 fir,
342 1742 382 1785 hac
397 1737 481 1800 epistola
500 1736 632 1796 demonstro.
655 1739 728 1797 [ψη
745 1752 772 1811 ry
787 1740 869 1793 Consule
878 1740 925 1812 stne

60 1803 143 1866 allega.
160 1806 243 1914 [Ἥ
250 1805 280 1852 C.
297 1797 694 1867 nccvln.]1lantptaeceffitep.
709 1816 729 1856 5·
746 1799 833 1850 nb.1v.
850 1798 923 1866 sequa·

58 1877 192 1930 tmepzz.
242 1880 308 1918 ,svn

207 2005 250 2063 M.
271 2005 303 2062 c,
330 2004 364 2062 u.
384 2003 561 2062 Lucumo
582 2006 619 2080 Q.
639 2005 668 2060 s.
704 2002 728 2060 s
743 2003 781 2061 n.

122 2142 180 2201 Ua
189 2162 264 2213 nou
274 2163 290 2199 a
300 2162 320 2201 n
342 2143 396 2217 ipsa
416 2141 566 2201 consolatio
586 2141 735 2200 litterarum
748 2154 856 2204 tuarum
871 2143 924 2202 mi·
961 2154 964 2159 ’

141 2218 171 2278 hi
183 2220 326 2294 gratillima
341 2220 399 2278 est:
420 2219 537 2278 declarat
558 2219 633 2277 enim
651 2219 788 2277 summam
809 2220 925 2278 benivo-

58 2296 174 2356 lentiam
190 2296 367 2371 conjunctam
388 2297 444 2371 pari
464 2294 629 2370 prudentia:
648 2306 744 2353 tamen
769 2295 847 2354 illum
868 2297 925 2354 fru-

61 2370 140 2431 ctum
162 2390 196 2431 ex
216 2370 246 2429 iis
266 2372 357 2433 litteris
378 2373 423 2430 vel
443 2373 597 2433 maximum
618 2372 695 2507 «ἐξ,
715 2370 793 2448 qudd
812 2385 840 2431 te
854 2391 924 2447 prae-

59 2445 134 2506 clare
155 2466 195 2507 res
214 2448 345 2505 humanas
365 2459 619 2518 contemnentem,
696 2446 802 2523 optime
829 2461 924 2508 contra

60 2522 204 2583 fortunam
224 2536 347 2598 paratum
368 2536 559 2600 armatumque
581 2526 709 2599 cognovi.
749 2528 843 2599 Quam
865 2527 926 2601 qui-

60 2598 130 2657 dem
157 2599 266 2659 laudem
287 2599 423 2674 sapientiae
443 2600 548 2658 cstatuo
576 2597 630 2657 elle
657 2601 832 2670 maximam,
864 2619 944 2660 none
960 2619 1056 2658 autumo

60 2674 173 2733 aliunde
187 2675 322 2751 pendere,
342 2693 394 2733 nec
408 2675 569 2735 extrinsecus
583 2688 630 2735 aut
649 2676 719 2736 bene
738 2689 786 2735 aut
799 2674 870 2735 male
884 2679 926 2736 vi·
933 2674 986 2723 MS.
998 2677 1070 2723 Grau.

61 2750 150 2810 vendi
163 2750 294 2827 suspensas
307 2751 406 2808 habere
428 2753 553 2810 rationes.
592 2755 667 2829 Quae
687 2754 841 2829 cogitatio,
862 2753 927 2814 cum

62 2828 134 2893 milii
148 2846 206 2887 non
220 2827 339 2886 omnino
353 2825 490 2885 excidisset
509 2828 631 2903 (etenim
652 2831 759 2904 penitus
778 2830 930 2907 insederat)

62 2904 202 3007 testamen
216 2901 461 2983 78tempestatum,
482 2903 658 2965 &concursu
672 2908 857 2967 calamitatum
873 2921 930 3043 ersst

884 3003 900 3045 a
920 3018 932 3029 ι

98 3159 136 3208 7⁸·
153 3152 322 3215 Tempestarm
337 3153 439 3205 adversa
454 3167 564 3268 temptpra
578 3158 713 3222 Tempestate
727 3170 815 3214 vocat,
830 3152 933 3206 runata!

64 3212 133 3263 tione
143 3213 214 3271 usus,
229 3229 253 3267 ut
263 3232 299 3282 ep.
310 3235 330 3273 3.
353 3218 438 3270 lib.1v.
460 3223 503 3267 Ma
541 3234 608 3278 m,
626 3234 739 3286 tamquam
754 3240 780 3268 ex
796 3223 871 3284 aliqua
881 3220 930 3282 θ’·

62 3279 113 3324 alu
127 3310 135 3333 ‚
147 3277 244 3350 prospexi
256 3281 393 3342 tempestatem
410 3281 518 3341 fusuram.
551 3286 634 3340 Cum,
650 3285 746 3349 inquit,
765 3297 813 3348 ⁸8⁰
832 3297 929 3347 quoque

64 3338 166 3412 fortuma
175 3355 223 3389 vrm
234 3355 425 3402 contemnerem,
440 3343 538 3407 presidii
551 3342 606 3395 satis
620 3344 667 3395 elle
683 3347 712 3395 ad
727 3359 810 3395 omues
825 3344 887 3394 casus
903 3346 929 3394 in
980 3392 986 3400 .

64 3416 112 3451 unu
128 3414 213 3451 vutute
228 3404 405 3465 existimaramr
427 3408 455 3457 ab
472 3406 516 3457 hac
537 3419 620 3457 tamen
634 3408 764 3464 sententia,
784 3407 928 3475 temponbus

63 3476 176 3579 vgxgltgs,
191 3480 271 3580 {topica
275 3467 416 3527 deserueram
427 3487 434 3522 z
450 3469 488 3526 sed
500 3484 540 3521 me
554 3469 675 3525 labantem
686 3471 854 3527 continuum
864 3473 928 3521 litte·

66 3542 78 3583 ι
152 3563 159 3582 ι
211 3565 218 3580 ⁸
271 3545 317 3586 m
511 3599 568 3662 Q·
731 3576 739 3585 ἱ
777 3608 841 3658 '79,
858 3588 932 3659 [saduc
