2272 4020
216 125 278 203 248
322 117 434 183 Errsr.
457 131 507 180 nn
528 109 735 177 Minimum
756 127 798 175 nr
820 103 975 178 cnrr'nos
1109 150 1115 209 p

216 231 257 289 mi
274 230 305 288 &
324 228 360 287 ad
383 229 530 287 memoriae
545 227 704 302 dignitatem
713 245 728 297 ,‘
742 225 762 283 fi
775 228 804 285 in
815 237 863 285 tua
876 225 972 302 scripta
986 230 1088 302 perne-³

69 332 87 383 q
108 315 208 365 incerto·
218 322 310 373 nero,
337 303 423 380 quim
443 304 527 363 finin
548 311 728 372 ceterorum,
747 301 824 379 quod
856 316 915 361 n‘on
941 303 1086 377 ingenium

42 452 44 457 Ι
70 378 189 450 tuum:
218 380 289 439 ¹mihi
302 380 390 439 solum
404 379 601 457 suppeditatum
616 380 698 438 fuerit
711 378 884 446 tuum‚srcnt
898 377 1098 437 ‘Timoleon-.

72 438 192 513 1³¹¹¹d¹¹⁰²
221 454 272 519 tid
288 456 404 515 Tirnaeo
420 500 429 526 ‚
447 468 494 515 aut
507 457 541 514 ab
554 455 704 514 Herodoto
719 454 919 523 Themistocli,
939 453 986 512 sed
1007 455 1088 513 etiarn

72 509 135 555 Tm
157 502 210 549 MS.
222 532 367 592 audoritas
382 533 515 592 clarissimi
529 534 558 591 &
571 531 751 613 speciatiffimi
773 532 824 589 viri
839 573 848 599 ,
867 533 898 588 ὃ(
920 531 950 587 in
965 530 1089 605 reipubli-

224 626 266 665 cae
281 610 407 667 maximis
428 608 637 685 gravissimisque
659 607 741 665 causis
762 607 865 681 cogniti
884 618 967 683 atque
989 607 1020 665 in
1040 606 1091 681 ‘pri-

225 685 277 745 mis
298 686 424 759 probati:
456 696 488 743 ut
508 685 578 742 mihi
596 702 655 743 non
674 684 761 742 solum
781 682 971 757 praeconium,
991 681 1092 759 quod,

53 786 55 791 ·
90 779 204 832 mxlii.
226 760 291 819 cium
304 762 333 818 in
348 761 466 835 Sigaeum
480 757 595 818 venisset
606 760 780 827 Alexander,
799 760 832 816 ab
845 759 977 817 Homero
1000 758 1094 816 Achil·

226 837 246 895 li
259 838 390 895 tributum
405 835 458 894 esse
471 836 539 893 dixit
554 878 561 903 ,
580 834 627 893 sed
641 836 724 893 etiam
737 853 818 910 grave
839 833 1031 893 testiinonium
1044 834 1094 892 im-

227 913 358 988 pertitum
391 913 454 971 clari
485 912 605 970 hominis
633 913 781 987 magnique
818 909 950 968 videatur.
1005 910 1094 969 Placet

230 989 305 1045 enim
332 988 440 1048 Hestor
464 987 509 1047 ille
529 987 597 1045 milti
622 988 795 1055 Naevianus,
822 988 870 1062 qui
895 1004 956 1045 non
987 985 1094 1046 tantum

228 1063 333 1127 laudari
351 1065 376 1121 se
395 1066 501 1123 laetatur
523 1083 529 1120 :
563 1063 609 1124 sed
635 1063 709 1122 addit
728 1064 812 1121 etiam
832 1105 840 1131 ‚
860 1061 876 1119 i
896 1062 1010 1121 laudato
1029 1065 1095 1122 viro.

80 1169 93 1202 s
107 1153 150 1202 alii
167 1160 220 1215 qua
233 1137 321 1214 Quod
335 1138 355 1196 fi
368 1138 384 1196 ‘a
398 1151 427 1197 te
441 1158 499 1199 non
512 1140 648 1214 impetm,
667 1140 722 1198 hoc
738 1139 790 1208 est,
810 1137 830 1196 fi
844 1150 925 1215 ⁵quae
947 1151 975 1196 te
991 1157 1034 1198 res
1047 1140 1096 1198 im·

232 1214 350 1290 pedierit
368 1214 416 1290 (ne
435 1234 471 1273 ue
495 1217 570 1274 enirn
592 1218 630 1277 fas
651 1213 704 1273 csse
725 1216 861 1284 arbitror,
880 1215 1034 1291 quidquam
1055 1232 1098 1274 me

233 1302 395 1365 rogantem,
414 1310 430 1348 a
448 1304 500 1350 ste
514 1312 572 1355 non
587 1292 743 1367 impetrare)
764 1309 846 1366 cogar
859 1289 968 1351 sortasse
989 1292 1098 1361 facere,

234 1366 311 1445 quod
325 1367 451 1431 nonnulli
462 1367 533 1443 saepe
547 1368 756 1442 reprehendunt.
775 1368 888 1426 scribam
909 1366 964 1441 ipse
986 1367 1022 1428 de
1037 1382 1098 1427 me:

235 1442 387 1500 multorum
400 1454 494 1502 tamen
507 1445 653 1519 exemplo,
674 1446 703 1502 ὃ(
717 1446 850 1503 clarorum
866 1444 999 1503 virorum.
1021 1444 1076 1503 Sed
1089 1486 1098 1511 ,

85 1548 96 1587 r
111 1550 141 1583 eo
153 1534 204 1584 MS.
236 1518 312 1593 quod
325 1530 354 1576 tc
368 1537 427 1579 non
447 1521 516 1596 sugit
531 1564 539 1590 ,
558 1521 620 1579 haec
640 1520 740 1579 suntin
754 1520 825 1578 thoc
839 1537 940 1594 genere
956 1520 1031 1579 uitia.
1051 1521 1100 1578 v&

28 1652 31 1657 .
85 1615 101 1647 v
113 1601 168 1647 &ut
176 1597 225 1642 alii.
237 1593 415 1652 verecundius
435 1595 483 1671 ipsi
504 1596 538 1655 de
558 1597 611 1654 sese
632 1595 766 1664 scribant,
793 1593 900 1654 necesse
921 1594 982 1665 est,
1002 1594 1025 1654 si
1058 1593 1102 1654 uid

86 1697 103 1731 x
118 1680 180 1729 forte
193 1691 228 1725 re-
239 1668 276 1726 est
288 1670 478 1733 laudandum:
500 1676 530 1731 δε
548 1683 732 1750 praetereant,
752 1670 771 1731 si
792 1671 858 1748 quid
878 1614 1102 1805 xredprehenden·

87 1741 152 1813 pren.
174 1741 307 1803 dds-dum
336 1747 379 1805 est.
419 1748 536 1807 Accedit
557 1750 638 1809 etiam
654 1791 663 1818 ,
682 1760 713 1809 ut
739 1749 830 1806 minor
850 1747 882 1807 fit
901 1746 922 1805 fi
940 1766 993 1819 es,
1012 1749 1103 1808 minor

186 1848 189 1853 ·
240 1822 407 1893 austoritas;
437 1825 515 1883 multi
545 1824 665 1900 denique
684 1824 909 1900 reprehendant:
938 1826 969 1883 ὃ(
990 1824 1105 1893 dicant,

239 1908 268 1951 77
277 1901 487 1959 verecundiores
507 1898 560 1960 effe
579 1916 721 1975 praecones
739 1900 869 1960 ludorum
888 1901 1104 1977 gymnicorum,

89 1989 199 2105 pinpo·
240 1976 288 2050 qui
325 1975 391 2035 clim
425 1976 520 2063 ceteris
560 1995 674 2035 coronas
701 1976 898 2052 rirnposuerint
913 2054 918 2064 Ι
931 1976 1105 2063 nidoribus,

55 2108 57 2113 .
100 2063 181 2126 urgunt
243 2068 396 2128 eorumque
422 2070 536 2113 nomina
557 2070 655 2127 magna
682 2069 753 2112 voce
774 2065 785 2094 ²
791 2064 1017 2128 pronuntiarint,
1044 2052 1106 2113 clun

91 2117 164 2221 Μ’).
242 2126 291 2201 ipsi
310 2139 373 2188 ante
395 2128 523 2190 ludorum
545 2128 699 2186 missionem
720 2147 824 2189 corona
845 2129 1002 2199 donentur,
1021 2129 1104 2189 alium

90 2190 402 2293 {Jfigssw'praeconcm
423 2203 589 2271 adhibeant,
608 2221 645 2263 ne
664 2205 710 2262 sua
729 2224 800 2263 voce
813 2204 862 2280 ipsi
875 2206 900 2263 se
915 2204 1035 2264 vidiores
1054 2202 1106 2263 ede

92 2314 152 2356 mat.
241 2278 399 2357 praedicent.
437 2280 510 2338 Haec
531 2297 583 2337 nos
609 2281 693 2339 vitare
714 2283 866 2363 cupimus:
894 2282 948 2354 δε,
968 2281 989 2341 fi
1008 2280 1105 2361 recipie

1045 2374 1106 2419 cau·

241 2532 336 2579 emnium
344 2532 402 2578 diua
412 2532 436 2577 ln
444 2546 477 2578 me
488 2529 584 2589 conferri.
602 2534 634 2581 Et
644 2546 687 2597 pro
698 2531 811 2580 Milone:
828 2531 929 2580 omnibus
944 2536 1018 2580 onmia
1034 2533 1105 2581 nina·

240 2595 310 2644 batur.
327 2594 435 2642 Catullus
451 2592 481 2643 de
491 2594 592 2644 Lesbia:

379 2656 479 2705 omibus
493 2674 536 2705 una
546 2674 614 2705 omnes
623 2659 732 2720 surripuit
748 2662 839 2708 Veneres.
873 2661 897 2706 1³.
904 2659 1000 2706 Mantlt.

277 2735 314 2776 77.
339 2721 494 2767 Verecundinres
513 2722 550 2781 effe
571 2735 669 2784 praecones
688 2722 787 2767 ludorum
806 2724 975 2781 gymnicorum,
1000 2724 1041 2784 qui
1055 2720 1107 2777 &el

244 2784 290 2835 Ele
308 2781 424 2831 nntisfima
434 2781 563 2840 sententia,
580 2796 627 2847 qua
641 2784 713 2831 etiam
728 2781 779 2831 usus
793 2782 827 2831 est
842 2780 990 2830 dostissimus
1007 2785 1043 2832 uir
1058 2782 1106 2831 rru-

245 2797 337 2892 tarcdus
347 2845 372 2891 in
382 2848 554 2895 commentario
563 2860 613 2908 quo
619 2846 704 2902 docet,
719 2845 843 2908 quomodo
854 2845 906 2910 quis
916 2843 988 2907 possit
1001 2844 1035 2895 sui
1044 2842 1108 2910 ipsim

245 2906 327 2957 laudes
343 2908 399 2954 citra
414 2909 528 2958 invidiam
541 2907 680 2971 predicare:
707 2923 750 2956 nec
774 2920 856 2957 tamen
872 2921 886 2954 a
901 2909 1021 2957 Cicerone
1035 2910 1106 2955 minus

247 2968 367 3037 eleganter
377 2982 415 3018 aut
425 2970 518 3036 copiose
527 2968 632 3034 exposita
640 2970 680 3021 esi.
714 2972 789 3019 Graeci
798 2971 898 3019 austeris
909 2968 980 3019 verba
991 2969 1042 3020 haec
1052 2968 1107 3023 sunt,

248 3046 300 3098 qux
312 3046 365 3082 cum
375 3036 464 3085 Latinis
473 3031 580 3083 conferre
590 3033 672 3081 inutile
687 3048 737 3081 non
747 3034 807 3090 erit,
823 3033 886 3082 rinnel
898 3035 939 3082 aei
960 3035 1017 3085 node
1038 3049 1108 3089 eene·

250 3098 340 3151 reuirat
356 3095 378 3143 iv
398 3096 446 3149 τοῖς
464 3099 549 3158 alydon
566 3094 635 3157 irrepta
652 3099 756 3154 tertianae
770 3096 947 3157 drepanium,
964 3098 1006 3144 nile
1021 3096 1107 3144 eludia

250 3156 289 3207 nic
312 3162 495 3219 πρωτολογίας
511 3160 644 3213 dazrpimr.
665 3158 788 3209 Vibiorius.
838 3156 914 3207 Aliter
928 3169 1014 3207 tamen
1028 3162 1108 3211 Nero.

248 3221 290 3284 qui
304 3223 330 3271 in
344 3220 380 3271 his
395 3218 462 3271 sacris
478 3218 640 3269 certaminibus
656 3224 758 3267 viciorcm
770 3222 795 3281 se
809 3223 851 3284 ipse
862 3221 1023 3283 pronuntiabat.
1037 3220 1109 3287 qudi

247 3284 316 3342 σαψ
331 3285 357 3334 dy
370 3287 469 3344 pracom'o
480 3284 555 3346 urbique
565 3285 682 3340 contendit,
697 3297 722 3331 ut
735 3288 796 3332 Suet.
807 3296 875 3331 notat
885 3284 912 3332 in
922 3284 972 3343 ejus
983 3285 1049 3340 vita,
1063 3296 1108 3347 cup·

249 3352 286 3396 τε.
304 3343 413 3393 solebant
424 3348 490 3394 euim
501 3348 526 3395 in
536 3346 583 3394 illis
593 3345 653 3393 ludis
665 3380 672 3403 ,
687 3359 711 3393 ut
723 3345 817 3408 pulchre
829 3347 867 3395 hic
877 3347 970 3399 notam
983 3346 1110 3399 mannan

249 3408 490 3475 praecinendam
499 3408 597 3463 vidone
608 3406 756 3463 contendere.
773 3412 881 3464 Gravius.
1059 3474 1079 3520 T

1004 3482 1043 3535 qe.
1076 3482 1112 3518 a*
