2272 4020
220 170 280 235 ¹42
326 144 465 214 Evasi.
486 160 545 210 llo
566 143 741 211 Annivm
762 137 1007 218 Potentem

216 260 376 322 doctissimis
403 258 562 319 hominibus
581 258 762 331 auctoribus,
787 277 911 347 quorum
930 261 992 323 sunt
1010 273 1038 317 ⁷¹
1054 257 1092 327 de

216 338 338 396 amicitia
350 336 469 413 gerenda
496 335 677 395 raeclaiiffimd
689 336 779 413 scripti
791 337 866 408 libri,
873 356 960 414 genus
972 341 1030 400 hoc
1044 355 1091 403 to-

215 425 278 473 tum
299 415 429 473 orationis
447 355 568 483 todem,
592 412 787 490 disputabant,
813 436 854 489 ego
880 432 969 473 contra
991 418 1093 495 differe-

215 488 287 551 bam.
306 487 443 549 dicebant:
463 511 504 567 ego
516 489 650 565 negabam.
690 491 739 551 An
758 491 828 550 mihi
849 491 884 551 de
904 503 933 551 te
947 494 1015 554 nihil
1035 494 1090 557 esse

216 567 322 627 deum
336 585 471 645 umquam
484 566 582 643 putas?
601 585 639 627 ne
658 570 716 628 hoc
735 567 873 645 quidem,
899 568 1002 647 quod,
1022 571 1088 634 ciam

217 662 265 705 me
278 645 451 704 Laodiceam
465 646 560 703 venire
572 642 716 716 voluisses,
736 645 864 704 Taurum
879 646 933 721 ipse
946 647 1059 708 transisti
1075 649 1090 711 ἓ

217 720 308 798 Quod
333 722 429 782 iisdem
450 720 543 779 diebus
565 739 643 779 lneus
671 734 827 781 conventus
846 734 904 781 erat
924 722 1090 799 Apameae,

64 838 93 879 m
118 798 395 892 gymmsvnnadis,
415 797 576 885 Philomeli:
596 810 658 885 tuos
672 797 771 858 Tarsi?
792 800 861 862 Non
879 798 972 886 dicam
986 801 1089 878 phuae

64 890 96 942 de
107 894 176 940 ines.
218 894 271 946 ne,
290 877 320 934 in
334 895 392 953 quo
404 886 432 931 te
447 874 609 950 objurgem‚
629 875 657 935 ld
677 875 763 951 ipsum
780 875 874 935 videar
886 876 995 937 imitari.
1016 879 1088 941 Illud

218 954 326 1022 dicam,
346 964 378 1011 ut
389 951 484 1009 sentio.
504 949 601 1019 silita,
622 968 686 1028 quae
700 953 766 1010 alios
778 952 858 1029 loqui
868 951 1014 1030 dicis,ipse
1028 955 1088 1017 sen-

64 1055 84 1091 a
98 1042 143 1087 atii·
217 1032 265 1089 tis:
285 1042 332 1089 tua
351 1029 459 1087 summa
480 1026 560 1103 culpa
579 1028 624 1087 est.
644 1028 684 1087 sm
703 1040 821 1087 1¹autem
843 1029 888 1089 alii
906 1041 1004 1090 tecum
1024 1032 1088 1093 haec

65 1104 141 1152 delen.
216 1108 383 1183 loquuntur:
403 1118 450 1164 tua
463 1115 575 1173 tamen,
595 1102 673 1180 quod
686 1104 779 1174 audis,
799 1104 878 1180 culpa
892 1108 1026 1167 nonnulla
1040 1108 1088 1171 est.

67 1178 153 1217 ”tm
216 1192 246 1239 7²
256 1184 323 1241 Mea
343 1184 413 1242 ratio
433 1183 463 1241 in
482 1193 541 1239 tota
562 1182 681 1240 amicitia
695 1181 785 1241 nostra
804 1182 929 1241 constans
949 1186 980 1243 &
998 1187 1089 1263 geavia

214 1261 371 1336 reperietur.
409 1256 618 1334 7³Quods1qui
631 1276 678 1316 me
690 1258 848 1317 astutiorem
868 1258 963 1335 fingite
983 1263 1090 1340 tiquid

215 1336 304 1413 potest
317 1335 370 1395 else
384 1335 527 1403 callidius,
547 1334 656 1410 quam,
677 1333 742 1393 ciam
761 1347 791 1393 te
811 1336 952 1395 absentem
979 1337 1089 1416 semper

215 1414 405 1482 defenderim,
426 1411 490 1469 ciam
510 1410 658 1485 praesertim
681 1413 750 1470 mihi
762 1410 841 1471 usum
861 1426 1011 1474 venturum
1025 1436 1087 1477 non

213 1492 377 1560 arbitrarer,
397 1500 429 1546 ut
448 1504 502 1562 ego
522 1504 636 1563 quoque
657 1487 780 1546 absensa
800 1501 828 1547 te
841 1489 1033 1552 defendendus
1048 1494 1088 1553 esd

213 1567 287 1635 scm;
309 1585 385 1625 nunc
399 1563 624 1635 committerem,
644 1576 676 1623 ut
688 1576 719 1624 tu
728 1566 792 1642 jure
805 1567 915 1643 optimo
929 1586 978 1628 me
992 1571 1087 1631 absen⁴

1025 1659 1086 1709 tem

212 1784 342 1849 agnoscunt
352 1782 475 1831 Lentulum,
492 1782 518 1830 δι
527 1779 630 1830 rationes
642 1782 745 1832 Manutii
754 1780 809 1831 satis
824 1782 951 1833 ostendunt
968 1784 1008 1837 lile
1019 1788 1086 1838 ilem

211 1860 271 1907 elle,
288 1847 352 1912 quod
363 1842 439 1912 posset
449 1845 505 1894 tolli
514 1844 573 1901 hae,
589 1859 662 1910 quam
672 1847 723 1896 iniit
734 1845 843 1904 Fulvius,
857 1848 956 1900 mtione.
973 1853 1083 1905 Gravius.

244 1928 280 1969 71.
296 1910 554 1971 Deamicitiagerenda.]
576 1911 694 1960 colenda.
710 1922 735 1958 ut
746 1926 826 1973 gravas
843 1914 973 1959 inimicitias
990 1914 1085 1977 geffiffi,

212 1974 272 2024 dixit
281 1976 307 2023 in
319 1974 397 2023 Caecil.
403 1989 440 2029 30.
457 1987 502 2038 pto
511 1973 592 2033 Deiot.
602 1989 636 2021 11.
653 1972 782 2023 inimicicias
792 1977 869 2021 horum
878 1990 1085 2043 moregermpom.

229 2042 269 2089 J.
278 2043 386 2087 Gronov.
1126 2078 1128 2085 .

213 2039 282 2159 J72.
299 2105 351 2147 Mea
366 2104 441 2157 ratim]
471 2094 565 2146 Eodem
584 2097 660 2147 modo
675 2114 688 2146 e
705 2114 745 2155 .ς.
763 2102 812 2147 Tua
826 2102 882 2147 ratio
894 2102 964 2166 postea
983 2102 1014 2164 est
1028 2120 1085 2151 canu
1126 2128 1128 2161 ς

211 2179 304 2214 mutata.
322 2170 352 2212 Et
363 2178 399 2226 ep.
406 2179 428 2216 9.
444 2160 485 2210 lib.
495 2178 514 2210 1.
532 2164 584 2206 Mea
605 2166 661 2208 ratio
672 2115 723 2224 ὧν
744 2165 799 2212 alia.
825 2167 897 2220 Mea,
913 2166 1013 2231 inqmt,
1028 2170 1084 2215 γαῖα

211 2227 304 2286 constans
320 2228 345 2277 (5
357 2229 435 2286 gravis
449 2227 583 2285 reperietur:
599 2239 664 2287 pro,
684 2224 745 2274 nihil
759 2226 920 2276 inconstanter
939 2240 980 2278 aut
1001 2230 1084 2281 levitet

211 2286 338 2339 commisi:
355 2299 491 2351 perpetuam
506 2283 627 2350 quandam
643 2288 669 2336 in
692 2301 746 2337 tota
761 2290 866 2338 amicitia
879 2288 960 2340 nostra
973 2292 1084 2342 constan⁴

210 2355 272 2402 tiam
281 2354 307 2400 &
319 2353 459 2414 gravitatem
468 2346 555 2397 servavi
567 2366 574 2395 z
590 2362 645 2398 cum
655 2362 697 2399 tiva
712 2352 773 2400 ratio
783 2367 861 2416 neque
872 2353 982 2403 constans
995 2355 1083 2415 suerit,

210 2414 236 2467 id
264 2414 312 2463 uod
321 2429 351 2461 ex
360 2415 436 2462 vitato
445 2408 569 2477 congressu
577 2410 671 2476 polsum
680 2412 804 2479 suspicati3
820 2429 898 2481 neque
913 2419 1011 2482 gravis,
1029 2434 1082 2469 mm

210 2431 334 2528 credideris
351 2476 468 2542 Phrygum
480 2478 506 2524 &
519 2479 659 2538 Lycaonem
677 2479 802 2527 malevolis
821 2476 851 2527 de
870 2493 911 2527 me
928 2478 1083 2533 sermonibus.

211 2542 277 2608 epist.
287 2540 322 2590 1'0.
339 2541 365 2588 in
377 2553 491 2590 extremo.
508 2541 628 2589 meamus.

244 2623 282 2663 73,
300 2606 365 2668 Qod
376 2605 398 2663 st
414 2607 455 2669 qui
468 2620 502 2649 me
516 2602 640 2675 astutiorem
649 2602 735 2666 fingite
754 2604 809 2671 quid
820 2605 886 2669 potest
900 2606 939 2668 eff}
956 2605 1085 2671 callidem]

212 2671 314 2719 Sicanae
328 2666 435 2718 lambio.
447 2668 522 2730 plima
533 2664 606 2714 editio
618 2679 645 2714 ae
659 2667 774 2716 vidonis
790 2672 831 2729 qui
840 2685 883 2734 pto
896 2674 949 2781 fais
964 2685 990 2721 ut
1002 2672 1085 2736 paullo

214 2731 296 2797 supra:
308 2732 377 2794 fiqui
387 2733 426 2791 suo
436 2731 511 2791 sumtu
521 2730 610 2789 sanlius
624 2728 670 2790 effer
684 2730 769 2791 officio,
785 2746 815 2780 ex
826 2732 883 2782 Pall.
905 2749 939 2782 ec.
955 2738 1026 2786 Grut.
1038 2742 1085 2787 Va·

213 2797 285 2844 tican.
298 2796 347 2853 jam
359 2792 499 2841 callidiusest
508 2793 634 2871 septimo,
646 2806 721 2872 quaet.
734 2794 810 2859 quint.
822 2794 920 2845 inPeck.
928 2798 1031 2847 Grauia
1042 2797 1085 2851 see.

213 2870 268 2908 tert.
280 2859 379 2905 calidius.
388 2870 446 2921 puto
452 2858 549 2919 antiqua
559 2853 598 2903 scri
642 2873 667 2905 m
674 2872 724 2905 non
730 2859 867 2923 geminante
877 2858 894 2907 li
913 2859 980 2908 uitas
991 2861 1036 2911 has
1047 2860 1086 2912 sa·

214 2923 273 2987 pius.
291 2918 364 2984 vulgo
376 2920 581 2967 incallidiusnlmis
603 2920 712 2970 rivolum.
731 2928 843 2970 caetum
852 2935 883 2984 pa
918 2922 999 2988 apost
1016 2924 1050 2975 est
1060 2926 1086 2975 in

216 2986 274 3035 l’all.
281 2982 325 3033 sec.
331 3000 378 3031 cum
385 2983 499 3046 prasertim
509 2984 565 3027 miln·
573 2983 636 3041 usam
645 2998 760 3032 venturum
772 3002 812 3031 non
822 2986 945 3036 arbitrarer.
957 2988 1028 3051 quod
1036 2988 1087 3039 nl·

216 3047 247 3097 de
257 3046 348 3113 probo:
363 3047 399 3094 Sic
411 3046 483 3111 Plane.
499 3042 588 3093 eillell.
598 3040 620 3103 st
629 3051 678 3109 quis
687 3047 737 3107 usus
751 3052 839 3097 venerit.
857 3053 918 3096 Item
928 3048 1017 3101 Bacch.
1030 3058 1087 3101 Aa·

210 3113 288 3175 fugero
302 3109 371 3157 hercle*
381 3142 389 3165 ‚
400 3110 422 3167 st
436 3112 504 3170 magis
513 3108 562 3167 ufies
571 3113 661 3158 venerit.
679 3114 772 3161 Terent.
785 3116 870 3159 Heaut.
892 3119 940 3158 Non
951 3116 1003 3175 usus
1015 3118 1086 3164 venia

209 3177 287 3239 spero,
305 3186 344 3222 aut
354 3171 371 3220 fi
382 3173 445 3220 nolis
455 3171 486 3219 sic
497 3171 697 3237 accipere‚aceipe
702 3187 727 3221 ut
733 3172 797 3223 idem
807 3173 865 3222 Afer
872 3174 967 3227 Phorm.
985 3185 1032 3227 Nee
1040 3189 1088 3227 cm

216 3239 341 3298 haiufmodi
354 3252 456 3289 umquam
472 3236 521 3295 usus
535 3240 614 3292 venit,
635 3250 660 3282 ut
676 3239 806 3296 conflictares
821 3240 886 3288 mato.
903 3240 951 3289 Pal
964 3250 1022 3293 tert.
1038 3238 1089 3305 usus

217 3315 339 3349 venturum.
358 3296 476 3349 Gebhard.

251 3380 282 3422 74
297 3364 360 3426 Qid
367 3364 430 3425 potest
439 3363 476 3422 effe
489 3362 610 3420 callidae]
641 3361 676 3410 Sic
686 3360 785 3419 Veneti,
800 3360 928 3423 ὲιρανικῦς,
945 3379 972 3416 ut
983 3376 1087 3435 appan.

217 3430 249 3477 Et
260 3440 332 3475 mox:
350 3430 378 3472 Si
387 3440 424 3473 ant
435 3428 550 3488 legatorum
564 3440 650 3472 tuorum
666 3428 793 3488 qm‘spiam,
812 3440 851 3472 aut
863 3428 1032 3491 prafeddmm,
1051 3442 1089 3481 m

128 3528 131 3533 .
216 3492 361 3542 Trihmmm
374 3492 485 3547 militum,
499 3490 632 3545 maledicit,
648 3487 759 3541 assentio:
768 3493 864 3541 veneta
875 3490 996 3554 lectioni,
1012 3498 1089 3545 Sin

1035 3562 1090 3623 lea·
