2272 4020
242 142 432 214 Ltesn
473 144 720 221 Pntuus.
872 162 915 233 47

10 280 44 322 un
63 270 150 331 uno,
170 261 203 320 δε
216 261 434 323 constantiffimis
448 302 456 331 ,
475 273 559 339 atque
573 265 683 339 optimis
696 264 846 325 actionibus
859 268 913 327 tuis

10 356 44 397 ne
65 338 184 409 exdnt'u,
205 338 405 415 CnPompejo
419 338 567 413 praesertim
581 341 616 399 ad
637 340 742 399 causant
763 342 911 419 adjuncto,

18 417 42 473 in
66 430 111 475 tunt
122 416 204 473 ctiam
220 416 336 486 Caesat,
362 416 438 473 rebus
453 418 599 475 ytnaximis
619 416 719 491 gestis,
739 417 936 495 singularibusy
953 420 1021 475 variis
1034 416 1078 476 δι’

17 494 41 549 dc
63 504 174 561 omaus,
195 495 228 550 δε
247 494 329 552 novis
347 493 521 562 honoribus,
554 512 586 550 ac
603 493 711 569 judiciis
730 494 857 567 lenanu,
876 499 912 558 ad
920 505 985 539 ¹¹¹²*
1007 493 1063 545 MS.

10 586 38 625 un
62 566 237 628 rudoritatem
252 570 310 646 ejus
331 569 432 627 ordinis
452 569 665 644 adjungerem
687 571 771 628 ²nulli
785 573 912 649 improbo
923 602 938 633 z
953 583 1021 631 nullo

10 660 36 712 o,
62 644 104 703 titi
113 644 190 704 locus
204 645 241 705 ad
253 646 450 722 rempublicam
465 646 624 704 violandam
639 642 692 703 elle
706 645 841 721 potuillet.
861 652 915 711 Sed
925 649 978 698 MS.
994 648 1062 695 ⁶1*-

19 720 33 778 li
61 720 174 792 stende,
194 723 315 799 quaeso,
342 739 406 798 quae
426 722 487 781 sunt
507 723 660 781 consecuta.
686 723 852 783 optimum
873 729 916 786 illa

12 811 31 853 te
60 796 116 857 foria
128 799 306 860 muliebrium
319 799 501 875 religionum,
520 801 568 876 qui
581 819 640 859 non
652 799 733 877 plutis
748 800 850 860 secent
862 802 918 861 Bo-

21 905 27 915 ·
853 897 920 939 nam

57 1011 920 1082 deunprobioremmultismodisperspestmnhabemusnihilfereinilns

10 1082 18 1113 ²
59 1078 184 1129 invenimus
193 1083 260 1146 quod
269 1084 360 1146 penitus
371 1094 558 1131 contemnamus.
592 1089 647 1144 Qun
657 1094 738 1129 tamen
748 1096 799 1128 non
813 1079 920 1137 tutovifi

10 1157 13 1163 ·
174 1141 207 1191 lle
216 1149 327 1210 recipere,
344 1149 369 1194 dc
380 1159 461 1194 tamen
472 1146 545 1219 digna
554 1148 698 1209 putavimus,
713 1157 738 1191 ut
755 1142 784 1191 de
798 1144 834 1192 his
844 1146 921 1194 leuo-

10 1221 11 1227 ’
60 1214 105 1253 tan
147 1222 296 1257 moneremus
307 1243 315 1266 ‚
331 1206 466 1257 conservata
475 1223 551 1273 pnore
561 1207 688 1271 scriptura,
703 1206 748 1255 huc
758 1207 920 1265 conferemus,

61 1269 259 1332 nmadmodum
269 1272 331 1320 hunc
340 1272 433 1320 locum:
450 1269 482 1320 stc
492 1273 557 1319 enim
568 1274 593 1319 in
603 1272 704 1335 antiquis
714 1271 811 1332 legitur:
828 1277 920 1333 Recrea-

60 1334 79 1377 εἰ
85 1335 141 1378 atim
151 1334 200 1380 boni
209 1340 258 1383 viri
267 1337 374 1397 consulatu
384 1349 432 1391 tuo,
449 1338 475 1387 dr
487 1334 650 1395 constantiffimis
659 1348 722 1397 arque
736 1337 820 1395 optimis
831 1338 920 1381 aelioni-

60 1394 147 1441 lettm's
156 1401 258 1456 excitati,
273 1401 317 1451 dre.
333 1411 360 1446 ut
385 1397 456 1446 ollint
467 1398 506 1446 alii
516 1399 610 1459 majoris
621 1397 726 1459 ingenii,
748 1398 773 1445 dc
785 1393 922 1445 eruditionis

61 1458 159 1507 viritem
169 1458 212 1509 dili
227 1474 293 1510 enter
303 1414 452 1512 considerate.
486 1460 556 1570 Qssvod
572 1458 589 1506 li
610 1461 756 1524 negligentiae
773 1457 920 1509 librariorum

62 1476 259 1581 nboendumdt,
273 1526 360 1573 mirum
368 1523 498 1588 profeiloe
528 1536 659 1571 accuratum
669 1524 774 1585 alioquin
784 1522 922 1579 hominem,

63 1584 134 1647 letalis
143 1583 203 1643 fuit,
219 1590 260 1652 qui
269 1587 354 1636 librum
365 1586 505 1636 Medicaeum
519 1584 558 1635 scri
575 1584 604 1633 fit
617 1584 658 1649 (ut
669 1587 728 1634 alios
737 1584 846 1645 tacenti)
862 1602 922 1650 qua·

64 1646 310 1700 teineodemtrauu
348 1648 433 1708 ecesse,
450 1655 540 1700 &cum
560 1663 639 1712 emper
647 1647 746 1711 septimo
756 1646 807 1695 can
839 1663 922 1700 uatuor

18 1716 21 1723 '
64 1722 159 1821 mna
175 1710 271 1762 scribere
289 1713 318 1762 de
333 1708 417 1771 uillet,
437 1730 468 1762 ne
492 1712 564 1762 semel
584 1710 680 1777 quidem
700 1711 761 1759 teste
783 1710 823 1759 rcd
840 1709 922 1762 differ.

15 1794 18 1799 “
78 1792 85 1819 1
128 1790 171 1823 lm·

91 1852 127 1896 49.
144 1840 247 1887 Primum
255 1842 296 1888 illa
304 1840 367 1900 furta
375 1840 512 1888 muliebrium
521 1842 662 1902 religionum]
679 1840 731 1886 Nos
742 1836 806 1896 furia
815 1838 924 1902 legimust

67 1912 210 1949 nontamen
224 1905 248 1951 in
264 1904 309 1952 hac
323 1917 388 1967 parte
403 1902 431 1951 ab
446 1905 546 1967 antiquis
562 1901 679 1949 codicibus
694 1901 767 1960 adjuti
779 1900 875 1950 'sumus2
891 1901 925 1950 est

66 1963 125 2010 enim
139 1964 164 2011 in
178 1965 225 2013 illo
241 1968 313 2015 etiam
345 1964 490 2014 robatillimo
507 1964 571 2013 idem
586 1979 655 2012 error.
688 1961 727 2011 sed
747 1964 842 2013 comsit
857 1965 926 2012 unius

67 2036 154 2074 tantum
166 1981 354 2078 literaeftcienda
362 2043 432 2093 parva
447 2030 601 2083 immutatio,
618 2024 731 2077 sententia
748 2043 776 2075 ue
796 2027 862 2087 hujus
877 2027 926 2076 loci

70 2087 131 2137 tilde
143 2088 286 2149 illidimur,
308 2108 361 2140 cum
377 2106 431 2140 anre
446 2093 523 2140 nullus
538 2088 677 2138 commodus
698 2088 719 2138 se
746 2105 772 2137 us
792 2091 925 2146 eliceretur,

70 2146 215 2213 speravimus,
232 2152 429 2221 stperversionem
445 2156 512 2203 illam
527 2147 719 2263 corrertlssemus(³
733 2155 758 2200 in
767 2151 926 2218 reprehensio-

70 2228 119 2263 nem
128 2232 179 2264 non
191 2215 289 2267 casuros.
306 2233 360 2266 cum
369 2219 433 2266 enim
441 2217 480 2266 hic
489 2216 613 2266 manifesto
619 2217 649 2265 de
655 2215 703 2264 Clo

70 2274 121 2343 sepe
129 2279 217 2329 furiam
232 2282 351 2344 appellat,
367 2281 441 2345 digno
456 2276 517 2328 illius
533 2278 627 2344 flagitiis
643 2278 754 2336 nomine,
770 2293 810 2327 cur
823 2295 873 2327 non
888 2278 928 2327 hic
996 2314 1000 2322 .

71 2354 159 2453 auoque
168 2346 203 2392 ita
212 2345 333 2407 appellet?
348 2351 376 2393 ln
390 2342 488 2407 epistola
502 2342 532 2391 ad
546 2350 577 2406 Q.
588 2347 691 2392 Fratrem
708 2338 738 2390 de
752 2341 841 2391 Clodio
856 2356 928 2405 agens

105 2406 200 2471 inquit:
218 2414 272 2454 ¹Aut
286 2409 357 2454 ullum
372 2409 400 2454 ad
420 2408 483 2452 illam
497 2406 583 2464 furiam
596 2408 683 2453 verbum
703 2406 824 2465 rescriberet.
880 2404 928 2454 uod

720 2218 744 2264 io
753 2229 846 2281 agatur,
854 2230 927 2281 quem

72 2470 209 2520 mundicit
220 2470 285 2529 furia
294 2472 436 2534 religionum,
456 2482 481 2516 ut
495 2468 620 2536 generandi
635 2466 728 2524 casum,
745 2467 793 2515 hcc
807 2482 854 2515 vox
907 2472 930 2516 'a

72 2528 185 2591 fnium,
201 2533 265 2584 idern
275 2533 331 2583 facit
342 2534 367 2582 in
378 2534 485 2581 oratione
494 2537 519 2582 in
528 2539 555 2581 L.
567 2531 686 2588 Pisonem,
703 2544 756 2578 cunt
766 2531 835 2578 illum
842 2530 930 2588 furiam

70 2595 167 2654 fanornm
192 2599 303 2663 appellat.
331 2602 402 2647 Nam
431 2593 496 2659 quod
522 2593 638 2660 sequitur,
658 2598 806 2657 Impunitatem
826 2594 931 2653 scelerum

73 2663 265 2722 mmsmmrim
281 2658 364 2708 vetusti
373 2657 464 2708 codices
479 2656 583 2714 habent,
603 2662 752 2711 impunitatem
761 2656 871 2714 stillormn
881 2658 932 2716 sen·

72 2726 152 2780 tentiis,
169 2738 216 2788 pro
227 2726 376 2786 impunitatem
386 2720 426 2781 est,
442 2736 492 2785 que
508 2719 616 2785 scriptura
627 2718 715 2784 semper
725 2718 758 2766 cst
767 2719 792 2765 in
802 2718 931 2776 Medicaeo,

34 2840 37 2845 ¹
73 2796 94 2833 ut
105 2784 128 2833 in
138 2782 279 2835 melioribus
295 2785 387 2840 Plauti,
407 2786 433 2832 &
448 2786 552 2832 Terentii
567 2780 683 2831 codicibus
699 2777 811 2845 supprellu
826 2801 836 2828 e
850 2782 932 2832 literae

39 2877 44 2891 ·-
143 2866 202 2899 cum
218 2849 329 2897 nonnulli
348 2843 443 2896 fortaffe
463 2861 512 2893 non
531 2841 714 2900 intellexillent,
741 2861 769 2892 ex
789 2845 836 2892 illis
856 2846 932 2895 verbis
986 2887 988 2891 ,

38 2932 41 2941 ·
89 2915 196 2969 tiliorum,
208 2915 312 2974 scelerum
321 2909 424 2958 fecerunt
436 2943 442 2964 ,
459 2907 488 2956 de
498 2906 585 2972 suoque
593 2926 663 2955 eorum
680 2907 816 2956 addiderunt
826 2942 833 2962 ,
850 2910 875 2955 ἃ
886 2908 934 2957 alia

79 2976 174 3037 wdatn
186 2990 240 3041 quae
251 2974 348 3023 mirifice
358 2972 419 3021 hunc
429 2971 510 3019 locum
525 2970 692 3036 pernitbnrunt.
725 2971 807 3035 quibus
826 2967 933 3028 sublatis,

79 3034 167 3105 lotoque
194 3036 307 3087 omnibus
331 3038 427 3086 maculis
452 3034 575 3099 diligenter
599 3047 717 3098 purgato,
733 3032 847 3083 sententia
872 3034 935 3091 ejus,

33 3130 37 3157 ι
78 3106 174 3177 quemvis
188 3102 318 3157 occultior,
334 3100 417 3162 ignota
427 3097 472 3148 else
486 3114 536 3145 non
550 3099 635 3163 poterit
650 3093 773 3152 studiofis‚
789 3099 813 3145 &
830 3094 865 3145 his
876 3110 943 3160 prte-¹

10 3188 13 3207 ι
33 3214 36 3231 Ι
76 3178 140 3229 opue,
159 3166 204 3231 qui
214 3175 320 3213 accurate
329 3161 450 3210 historiam
460 3160 555 3209 illorum
565 3174 711 3223 temporum,
728 3163 753 3209 ὅ(
767 3172 846 3206 canunt
857 3159 934 3206 tnuri-

10 3262 12 3268 ·
75 3241 206 3285 meremm,
224 3243 276 3285 quae
287 3224 350 3275 adse
364 3223 523 3289 pertinebant,
540 3226 678 3270 aCiccrone
692 3223 769 3285 sepius
785 3220 826 3269 scri
844 3223 873 3270 tis
888 3220 932 3269 suis

10 3312 36 3357 -3
77 3304 89 3339 e
118 3296 209 3343 icatatn
220 3290 351 3338 didicerint.
370 3291 445 3337 Vilior.
474 3285 573 3335 Mirifice
583 3236 873 3359 delcstotvcris'Ubaldini
882 3284 934 3393 laus-

10 3386 37 3455 'l
74 3346 792 3476 nllllldllid⁰ldlds„lldlmlllellgl
808 3346 934 3479 rddidi}

10 3510 17 3519 ⁶
32 3466 37 3515 Ι
70 3480 129 3538 llum
139 3480 226 3536 diditi
235 3476 342 3533 accttuni
350 3476 428 3540 iudicii
442 3477 567 3528 homiuem
584 3472 658 3540 ipsam
672 3483 767 3539 quoque
781 3469 822 3537 suo
835 3474 933 3535 ingemo

10 3564 16 3589 i
894 3546 938 3579 ell-
