2272 4020
233 182 295 247 204
319 157 429 227 cnse.
444 173 494 222 nn
516 152 595 223 Snn.
612 153 821 234 Summum,
841 172 884 220 nt
907 168 1067 229 cernuos

232 294 290 335 cos.
328 276 390 333 Coe
410 275 434 343 '‚
454 274 484 331 &
498 270 514 330 ὲ
527 272 640 349 vestigio
653 271 689 329 eo
703 270 762 329 sum
776 270 915 347 profeclus
948 273 1019 331 rima
1031 274 1103 336 lucei

233 351 309 410 Cum
321 370 380 410 non
391 291 476 425 {lunge
489 347 506 407 l
519 350 624 408 Piraeeo
638 344 772 417 abelem,
782 365 849 422 puer
862 347 917 406 Aci
936 349 975 408 ini
989 350 1101 412 obviant

233 430 303 487 mihi
322 428 399 486 venit
419 444 484 484 cum
505 424 656 485 codicillis:
682 425 712 482 in
740 423 835 501 quibus
864 436 920 482 erat
946 425 996 483 scri
1015 438 1102 499 tum,

232 504 324 580 paullo
345 515 409 562 ante
427 503 518 561 lucem
540 501 703 561 Marcellum
723 500 799 560 diem
819 500 898 559 suum
918 501 973 559 obi'
997 520 1021 560 e.
1060 503 1102 563 Ita

233 581 277 638 vit
295 578 451 639 clatiflimus
469 579 502 637 ab
521 579 638 638 homine
659 577 808 636 deterrimo
829 577 996 636 acerbiffima
1010 591 1102 639 morte

232 656 272 715 est
285 655 412 714 affectus:
433 657 463 713 &
478 656 523 714 cui
535 656 641 715 inimici
653 665 764 729 propter
788 652 949 729 dignitatem
970 672 1102 732 peperce-

233 744 311 802 rant,
330 734 457 791 inventus
471 730 508 788 est
521 733 641 802 amicus,
662 732 710 809 qui
726 731 752 788 ei
765 743 885 789 mortem
899 730 1016 791 afferret.
1038 733 1102 808 Ego

232 820 329 867 tamen
342 809 377 867 ad
389 809 594 867 tabernaculum
609 810 667 885 ejus
700 808 793 865 enexi.
812 807 907 865 inveni
928 808 999 867 duos
1021 804 1107 867 liber-¹

233 896 300 955 tos,
326 887 356 943 &
376 884 505 959 pauculos
524 883 622 942 servos.
656 826 774 960 reliquos
801 883 908 958 ajebnnt
934 882 1101 961 profugille,

232 970 348 1020 9¹metu
365 961 542 1036 perterritos,
581 961 640 1019 uod
660 959 788 1018 dominus
809 976 908 1017 eorum
929 973 993 1020 ante
1014 962 1101 1019 tabet-

232 1039 362 1096 naculum
374 1035 530 1094 interfectus
551 1043 577 1094 el
589 1050 623 1095 et.
663 1035 782 1093 Coactus
801 1034 860 1092 sum
881 1037 910 1092 in
938 1036 1039 1101 eadem
1058 1038 1100 1096 illa

232 1113 344 1182 leciict,
364 1130 417 1189 qua
430 1112 485 1188 ipse
497 1112 599 1173 delatus
614 1131 705 1182 eram,
725 1111 846 1189 meisque
858 1111 1000 1172 lecticariis
1013 1115 1051 1248 inb
1056 1132 1098 1171 ut-

1053 1208 1099 1250 em

234 1332 339 1408 petitur,¹
371 1341 558 1392 uemadmouum
568 1343 607 1393 hic
616 1348 690 1408 coegi,
705 1343 777 1393 semel
786 1356 880 1392 tantum
890 1346 962 1407 poni:
979 1347 1005 1394 ilc
1032 1356 1119 1393 unm-¹

234 1410 272 1456 vis
281 1409 344 1470 prior
353 1359 466 1456 {utentia
476 1404 525 1455 line
536 1408 608 1457 vetbo
618 1406 755 1472 inperfecta
770 1405 875 1455 videatur
886 1440 893 1461 ‚
909 1419 992 1457 tamen
1008 1358 1099 1457 n‘lsotu-

234 1483 286 1518 tam
296 1466 358 1517 effe:
374 1471 475 1536 intelligi
485 1472 549 1518 enim
564 1470 628 1520 idem
642 1469 738 1520 verbum
754 1469 818 1533 quod
834 1467 935 1533 seqnitur
950 1484 980 1519 eo
994 1482 1101 1535 tempore

233 1535 262 1581 &
272 1530 370 1595 permna
381 1532 574 1589 conformatum,
591 1533 656 1600 quod
672 1533 798 1581 conveniat
814 1529 956 1606 superiorum
971 1534 1097 1583 nominum

235 1593 358 1644 strusturae.
391 1596 464 1655 Hujus
479 1592 591 1644 sermonis
605 1599 641 1647 ele
659 1597 737 1652 antis,
758 1609 783 1643 ut
797 1593 918 1651 arbitror,
935 1598 961 1644 &
978 1595 1099 1645 famniliaris

236 1658 303 1721 plura
319 1660 428 1724 exempla
438 1656 595 1767 suzpetetenn
610 1614 658 1710 nil?
668 1672 693 1707 ut
708 1658 859 1713 deminutus,
876 1672 1022 1722 manumque
1038 1672 1054 1707 a
1068 1674 1099 1708 xe·

238 1720 379 1769 cautioribus
390 1725 467 1784 impio
483 1733 532 1768 atus
545 1718 614 1780 esset,
631 1726 656 1775 δι
667 1720 748 1770 addito
758 1718 823 1785 quod
834 1718 957 1769 desiderati
967 1721 1099 1777 credebant,

180 1814 184 1823 ι
239 1780 355 1848 liuppletus
365 1796 436 1848 atque
446 1797 577 1847 corruptus:
594 1784 637 1835 nili
653 1798 734 1834 tamen
744 1796 832 1832 veteres
848 1781 901 1831 libti
916 1784 942 1832 &
957 1782 998 1833 liic
1015 1788 1041 1835 δι
1054 1784 1100 1833 alin

240 1860 291 1894 non
304 1849 382 1911 paucis
399 1846 456 1895 locis
471 1844 591 1957 ἀεξένετὶ
610 1847 679 1904 sunt,
695 1850 786 1910 integer
805 1843 838 1893 est
853 1845 930 1894 sermo
951 1848 977 1896 δι
998 1846 1098 1897 uticam

241 1908 334 1957 Namli
345 1907 398 1973 ipses
408 1908 466 1957 fides
476 1908 507 1956 ha
537 1908 584 1958 nda
594 1911 626 1959 est
641 1945 648 1968 ,
670 1908 701 1958 fic
716 1910 782 1957 locus
796 1908 838 1956 ille
851 1908 903 1956 libri
914 1924 966 1958 xvi.
991 1906 1056 1975 epist.
1072 1906 1099 1958 ad

240 1974 346 2020 Atticum
361 1971 435 2020 distus
445 1970 507 2020 fuit:
523 1978 558 2018 De
572 1975 651 2021 duobus
666 1976 743 2035 primis
755 1973 853 2034 preclare
868 1971 986 2030 dtffems't,
1008 1976 1035 2021 de
1044 1976 1101 2021 tercie

236 2038 350 2098 pollicetur
359 2037 383 2096 se
395 2036 486 2097 deinceps
497 2070 504 2093 ‚
516 2037 555 2096 sed
569 2040 625 2083 nihil
636 2036 724 2099 scrt‘pſst.
758 2039 859 2083 Necnon
875 2033 916 2082 ille
925 2035 1007 2083 tetiam
1022 2038 1048 2085 in
1062 2034 1112 2089 lib„

241 2112 304 2146 ¹111.
323 2102 414 2145 Varroni
421 2098 497 2158 scribis
512 2113 548 2154 te,
565 2100 656 2159 simulac
669 2101 752 2145 venerit
769 2115 776 2142 :
798 2099 847 2144 dati
861 2098 929 2159 igitur
937 2102 990 2157 jam
1000 2101 1061 2160 sunt.
1078 2101 1099 2147 &

240 2176 291 2209 non
301 2173 327 2207 ut
336 2160 409 2225 vulgo
419 2160 526 2226 leguntur
537 2162 560 2208 in
570 2159 671 2210 exmlis:
688 2162 750 2225 peior
761 2161 826 2208 enim
837 2159 870 2206 ita
880 2156 919 2223 sup
936 2160 999 2208 letus
1009 2161 1056 2210 est:
1069 2168 1099 2208 De

239 2174 1099 2349 :mnenon{insuentiumstou

324 2319 332 2342 t
555 2320 562 2341 2
732 2321 736 2330 ·
1018 2325 1025 2338 .

239 2348 302 2397 hunc
312 2348 412 2398 modum
427 2347 519 2397 dicendi
533 2347 672 2412 molimine,
688 2361 798 2414 poterunt
814 2348 914 2396 otiolam
934 2348 1005 2398 illam
1021 2364 1100 2399 vocent

240 2410 332 2470 delete,
348 2412 413 2462 &ad
428 2411 501 2461 fidem
509 2424 614 2460 veterum
624 2412 733 2460 codicum
748 2412 809 2458 hunc
826 2411 897 2458 etiam
912 2410 995 2460 locum
1012 2426 1099 2462 revoce-

240 2490 278 2523 ne:
295 2479 335 2540 qui
344 2488 435 2540 recepta
444 2474 546 2522 lectione
555 2478 664 2525 contenti
673 2473 738 2531 sunt,
754 2488 807 2521 enm
817 2475 889 2521 etiam
899 2474 925 2520 in
937 2473 1023 2524 nostto
1041 2474 1100 2526 coli

239 2552 267 2587 ee
277 2540 404 2588 invenient.
422 2540 532 2586 Victorius.

274 2620 312 2658 90.
331 2610 422 2666 cogerem
431 2602 544 2659 medion]
569 2602 664 2648 Medicas
678 2616 744 2663 cogere
758 2598 791 2648 est
810 2613 961 2655 convocate,
983 2600 1064 2653 facere
1080 2614 1101 2651 lt

242 2667 392 2715 conveniant.
426 2665 462 2712 Sic
470 2680 535 2726 cogere
546 2665 651 2725 senatum.
668 2663 709 2712 lib.
721 2678 742 2712 v.
760 2677 796 2727 ep.
808 2679 830 2712 2.
851 2665 927 2728 Qam
947 2666 989 2711 cita
1009 2667 1100 2728 senaim

244 2732 284 2777 illo
294 2732 329 2776 die
338 2730 445 2790 coegerim.
463 2728 497 2775 Sic
507 2744 573 2790 cogere
581 2729 672 2787 judices.
689 2724 729 2775 lib.
739 2741 769 2776 11.
781 2740 817 2789 ep.
825 2743 846 2774 2.
864 2727 907 2773 Sed
917 2729 966 2772 heus
976 2741 1017 2785 tu,
1033 2728 1102 2795 etqui!

244 2795 307 2838 vides
312 2793 406 2837 calendas
415 2794 497 2847 venire,
503 2794 628 2838 Antonium
639 2807 679 2835 nan
688 2790 819 2844 vettt're,&c.
827 2793 871 2837 1³10
876 2802 925 2852 quo
931 2790 1024 2848 judicia
1034 2808 1101 2856 eugen.

242 2860 336 2904 Sueton.
348 2856 372 2902 in
384 2853 461 2904 Tiber.
474 2855 590 2914 consulente
600 2864 703 2917 pretore,
719 2868 747 2898 an
755 2852 844 2913 judicia
857 2850 975 2913 majestatis
991 2857 1039 2918 cogi
1046 2856 1102 2917 jule·

242 2930 281 2967 ret.
315 2916 368 2981 JJ.
376 2920 483 2968 Gronov.

272 2996 311 3036 91·
328 2983 391 3027 Metu
395 2984 528 3043 perterritos,
543 2981 600 3044 qnod
609 2980 726 3037 domium]
739 2981 796 3026 Tac.
808 2992 871 3028 1111.
888 2980 1000 3032 Ann.32.
1018 2981 1101 3029 fallu

243 3045 270 3098 θ
282 3048 299 3092 S
301 3051 321 3094 C.
337 3046 416 3091 ultioni
425 3047 493 3104 juxta
503 3046 529 3094 &¹
538 3044 668 3103 fieuritari,
684 3055 708 3089 ut
718 3042 739 3100 st
752 3044 801 3104 quis
818 3058 832 3086 a
840 3042 888 3102 suis
899 3041 973 3100 servis
984 3043 1100 3103 interfellu

243 3108 308 3169 effer,
328 3111 357 3154 iis
368 3121 466 3170 quoque,
487 3110 527 3169 qui
539 3105 657 3166 testamento
672 3102 791 3163 manumeffi
801 3103 870 3162 funt,
891 3105 963 3151 eodem
978 3108 1033 3152 tello
1044 3122 1100 3154 na·

240 3171 328 3232 Mene,
344 3175 399 3218 inter
408 3171 482 3230 serves
490 3169 597 3231 supplicia
608 3169 724 3229 penderent.
741 3166 794 3215 Vid.
806 3172 837 3215 D.
849 3164 879 3214 ad
889 3168 934 3215 SC.
951 3166 1100 3221 Silanianum

263 3232 312 3281 uod
321 3232 361 3282 sub
371 3230 493 3299 Augusto,
509 3231 636 3280 Dolabella
651 3233 676 3279 δι
693 3231 772 3279 Silano
788 3226 853 3278 Coss'.
866 3234 896 3278 Α.
907 3232 938 3276 U.
949 3233 982 3278 C.
1001 3240 1056 3288 762.
1071 3228 1099 3279 lc·

270 3311 323 3343 um:
340 3293 405 3359 quod
423 3310 451 3342 ue
460 3293 499 3343 sub
509 3298 606 3343 Nerone
614 3309 638 3342 te
655 3295 738 3341 etitum
748 3295 773 3341 &
782 3291 923 3356 produstum
933 3292 1011 3341 etiam
1026 3293 1057 3343 ad
1065 3292 1098 3343 sec

246 3372 289 3405 vos
300 3359 405 3406 manumi
427 3374 454 3407 os
463 3356 616 3406 testamento:
633 3308 671 3404 fed
681 3356 706 3403 id
722 3357 775 3416 jus,
791 3368 816 3403 ut
831 3352 908 3410 servi,
924 3355 967 3417 qui
982 3356 1098 3407 intensum

170 3438 174 3446 ·
247 3421 357 3470 Domino
367 3420 447 3469 iisdem
457 3421 482 3469 in
498 3419 582 3468 aedibus
596 3416 708 3475 fuiffent,
723 3418 894 3483 plestetentu1‚
910 3418 1036 3483 antiquius
1046 3410 1099 3471 fuist

247 3500 277 3535 cx
287 3482 398 3533 hocloco
406 3497 479 3548 patet.
510 3484 654 3549 Exemplum
667 3480 728 3547 apud
738 3486 899 3543 Tannum.
915 3480 1079 3542 Morem.

1018 3562 1056 3603 92·
1070 3546 1100 3609 Q*
