2272 4020
225 153 285 220 ²50
344 131 456 198 Evrsr.
469 148 520 195 nn
540 128 766 210 Memnon,
787 148 833 196 nr
854 142 1009 202 cernuos

68 257 216 314 'tinctam
225 253 393 328 aliquantum
412 247 593 308 &labefactata
611 260 694 325 atque
707 249 859 309 convulsa:
886 253 931 311 cui
949 262 980 310 te
1000 255 1096 329 opitu-

77 326 127 378 ’δίο
225 329 272 388 lari
286 330 316 387 8(
330 327 431 396 video,
451 327 482 384 &
494 326 523 385 id
535 323 628 384 fecisse
641 327 724 384 etiam
738 328 869 402 proximis
882 329 976 387 litteris
990 372 1000 399 ‚
1020 331 1093 392 mul-

223 416 341 481 tumque
353 400 497 480 profecisse
509 402 604 461 sentio.
642 402 739 479 ltaque
751 404 807 462 hoc
819 403 915 478 saepius
929 404 1091 479 dicendum,

222 482 327 558 tibique
340 499 400 540 non
420 477 625 556 significandum
644 479 733 538 solum
748 522 757 549 ‚
775 478 821 539 sed
842 482 925 540 etiam
951 480 1092 545 declaran-

224 557 293 615 dum
308 558 436 624 arbitron
457 556 524 615 nihil
538 555 607 614 milri
620 552 673 613 esse
680 553 797 630 potuisse
810 558 862 615 tuis
874 557 969 617 litteris
982 563 1090 636 gratius.

224 633 272 693 Ad
285 633 484 693 consolandum
497 644 590 690 autem
605 631 669 689 citm
682 633 726 691 illa
739 633 832 692 valent
846 677 855 704 ,
875 652 940 771 ‹iuae
954 635 1092 727 eleganter

225 709 391 786 copioseque
412 709 558 784 collegisti,
577 719 639 766 tum
659 709 726 767 nihil
745 709 828 784 plus,
847 728 885 787 qu
904 729 933 769 m
953 712 1035 787 quod
1047 713 1091 773 sir-

225 788 391 846 mitudinem
412 787 630 860 gravitatemque
655 786 741 843 animi
767 787 808 843 tui
839 786 985 862 perspexi:
1006 807 1089 866 qnam

224 882 284 922 non
297 863 397 923 imitari
411 861 591 936 turpiffimum
605 860 740 921 existimo.
779 863 912 939 tritaque
934 863 992 922 hoc
1006 867 1088 926 etiam

224 940 370 997 fortiorem
384 956 431 996 me
444 949 529 1012 puto,
549 935 635 1012 quim
648 948 676 995 te
690 937 795 1013 ipsum,
816 951 1019 1014 praeceptorem
1034 944 1088 1003 sor·

224 1015 345 1073 titudinis
361 1058 369 1084 ,
387 1011 466 1090 quod
478 1026 510 1072 tu
523 1014 592 1072 mihi
606 1012 699 1072 videre
712 1015 786 1089 spem
800 1016 963 1074 nonnullam
979 1018 1087 1091 habere,

224 1093 285 1150 haec
299 1092 334 1148 ali
353 1090 445 1149 uando
460 1089 549 1148 sutura
565 1090 688 1149 meliora.
727 1091 808 1148 Casus
823 1093 897 1151 enim
920 1093 1087 1167 gladiatorii,

88 1172 193 1225 nnxx.
224 1110 462 1242 fimilitudinesque
477 1184 535 1236 eae,
554 1178 616 1224 tum
630 1167 748 1226 rationes
768 1169 796 1226 in
818 1185 851 1225 ea
871 1169 1054 1244 disputatione
1070 1170 1085 1232 i

222 1255 251 1302 te
273 1243 414 1313 collesiae,
433 1244 561 1301 vetabant
581 1260 627 1300 me
648 1244 802 1318 reipublicae
822 1246 942 1319 penitus:
956 1244 1085 1307 diffidere.

224 1321 320 1397 Itaque
335 1320 450 1378 alterum
465 1319 553 1378 minits
569 1319 687 1389 mirum,
707 1321 852 1379 fortiorem
873 1333 902 1378 te
923 1319 978 1380 esse
994 1366 1004 1393 ,
1023 1322 1085 1383 clm

75 1428 92 1466 ρ
106 1416 149 1463 ,15
156 1416 198 1461 a.
224 1395 325 1473 aliquid
338 1396 438 1471 speres:
459 1396 572 1455 alterum
587 1396 709 1454 emirum
724 1439 733 1466 ‚
752 1396 797 1472 spe
810 1397 862 1454 ulla
875 1398 971 1457 teneri.
1012 1401 1087 1476 Quid

75 1473 264 1542 emmegisest
277 1473 353 1531 enim
366 1474 475 1531 nonita
495 1471 651 1540 affectum,
678 1485 709 1531 ut
729 1472 757 1530 id
776 1491 835 1531 non
857 1472 979 1533 deletum
1001 1478 1086 1536 extin-

76 1571 192 1623 fastrau-
225 1550 356 1624 stumque
376 1545 445 1607 fesse
471 1547 597 1606 fateare?
625 1548 808 1623 Circumspice
835 1551 930 1608 omnia
963 1554 1086 1613 membra

75 1625 400 1717 dmrvmnr.reipublicae,
425 1642 490 1705 quae
515 1624 653 1689 uotiffima
678 1625 739 1687 sunt
757 1625 813 1685 tibi.
838 1626 945 1689 nullum
971 1631 1087 1705 reperto
1127 1640 1132 1649 ·

1025 1724 1087 1783 1³¹⁰·
1130 1744 1132 1831 p

256 1892 292 1935 79·
309 1880 502 1941 ltaquehocetiam
508 1877 621 1937 fortiorem
631 1892 664 1922 rte
675 1882 750 1938 putu]
769 1881 797 1924 ln
807 1888 884 1925 vetere
901 1876 963 1926 libro
980 1877 1086 1941 seriptum

223 1938 269 1997 est,
286 1954 347 2005 atque
362 1945 398 1986 froc
408 1939 540 1999 fortiorem:
557 1955 607 2004 que
622 1939 693 1987 lertio
707 1939 784 1987 multo
799 1954 871 2004 quam
887 1941 985 2006 vulgara
1000 1940 1086 1992 videtur
1129 1944 1132 1975 ¹

222 2005 313 2053 melior.
336 2005 432 2063 vrfinus.
465 2002 558 2050 Ursinus
579 2018 608 2050 err
624 2004 704 2066 aliquo
718 2015 796 2050 vetere
810 2001 934 2051 malebatr
958 2010 999 2052 At
1013 2021 1040 2051 rte
1053 2008 1086 2051 hor
1129 1982 1132 2051 i

219 2067 348 2127 fhrrirrem:
365 2066 429 2131 quod
441 2068 465 2113 in
475 2067 541 2125 nullo
557 2064 689 2113 nostrorum
706 2080 843 2128 comparet,
860 2069 885 2114 ὃ(
901 2065 971 2115 habet
988 2068 993 2079 “
1015 2068 1087 2116 emi·
1130 2114 1132 2119 .

223 2127 306 2176 rabiles
315 2130 401 2184 libros,
416 2143 441 2176 ut
452 2128 553 2176 omnino
563 2143 617 2175 cnm
627 2132 728 2175 Grutero
739 2127 818 2176 nostro
827 2128 961 2179 existimem
970 2142 1029 2179 eum
1038 2133 1087 2195 plu-
1130 2166 1132 2177 .

222 2193 282 2241 rima
292 2190 359 2240 domi
368 2186 524 2245 confinxisse,
540 2205 590 2255 quae
608 2188 694 2237 deinde
710 2190 769 2248 alii,
784 2190 834 2254 ipso
848 2193 950 2255 ignaro,
965 2190 1037 2241 nobis
1047 2191 1088 2243 ob·

222 2254 336 2301 truserunt
346 2267 460 2318 tanquam
471 2266 576 2301 veterum
587 2250 756 2316 exemplarium
772 2256 886 2301 variantes
901 2255 1025 2306 lestiones.
1042 2256 1088 2305 hoc

222 2314 293 2364 semel
307 2316 395 2364 dietum
406 2315 449 2374 stt,
465 2330 495 2362 ne
505 2317 556 2378 quis
566 2317 658 2380 ignoret
668 2317 729 2363 tanti
738 2317 785 2373 ejus
796 2316 810 2363 'a
822 2331 862 2363 me
872 2318 1052 2367 emendationes
1062 2322 1088 2369 dt

224 2378 436 2428 animadversiones
453 2378 550 2435 habeti,
571 2393 626 2426 eum
641 2380 777 2442 preteriero.
798 2381 902 2429 Gebhard.
934 2382 1037 2441 lnjurius
1056 2380 1088 2431 est

224 2441 362 2491 Gebhardus
372 2445 397 2491 in
407 2441 514 2490 Fulvium
520 2439 644 2496 Ursinum,
660 2443 735 2489 virum
745 2457 795 2488 non
806 2454 899 2490 tantum
910 2440 933 2490 se
944 2441 1087 2501 duetorem,

223 2502 350 2555 sedetiam
368 2505 589 2570 longemeliorem.
621 2505 738 2553 Hestenus
760 2503 841 2552 dentes
855 2503 907 2552 suos
923 2520 975 2555 non
997 2504 1043 2556 nisi
1063 2508 1088 2557 in

222 2566 367 2617 Lambintrm
381 2570 500 2624 exercuit,
517 2583 597 2624 nunc,
612 2565 672 2615 bene
686 2565 819 2614 succedente
833 2568 961 2631 impotenti
973 2569 1088 2627 audacia,

222 2634 295 2679 etiam
305 2631 415 2681 Ursinum
425 2629 493 2679 audet
503 2627 611 2680 lacessere
625 2630 689 2678 mala
699 2628 784 2686 bellia3
800 2626 836 2676 sed
844 2628 904 2677 bene
913 2628 999 2687 habet,
1015 2646 1086 2696 quum

223 2693 292 2742 nobis
308 2694 402 2745 aliunde
419 2693 507 2742 constet
523 2693 632 2742 Ursinum
646 2689 748 2741 habuisse
764 2689 855 2740 codices
872 2693 996 2741 Ciceronis
1014 2695 1086 2761 longe

223 2758 346 2818 optimos,
363 2760 402 2822 qui
412 2756 497 2805 deinde
511 2759 536 2805 in
550 2755 720 2804 Bibliothecam
738 2753 884 2803 Pontificianr
901 2756 1085 2819 immigramnt,

223 2832 294 2890 atque
309 2819 341 2869 ibi
355 2823 380 2868 in
396 2820 510 2883 penetrali
525 2817 678 2867 adservantur.
707 2818 760 2868 vid.
777 2815 869 2881 Joseph.
886 2817 975 2869 castas
989 2816 1081 2869 Advers.

222 2883 303 2930 critic.
320 2898 369 2947 cap.
379 2900 399 2936 3.
417 2881 504 2932 Decad.
518 2900 537 2935 1.
561 2882 675 2931 Ceterum
690 2896 736 2946 ego
752 2894 812 2928 nunc
827 2878 927 2928 vicissim
943 2881 1017 2933 testor
1028 2881 1084 2931 nl‘tlri

220 2945 332 3008 pleraque
342 2945 461 2994 Gebhardi
470 2962 520 2992 non
530 2945 633 3011 placere,
649 2961 722 3010 quum
732 2944 780 2992 fere
792 2941 814 2991 sa
830 2944 879 2991 iant
895 2941 975 2993 nescio
986 2946 1044 3009 quid
1057 2943 1084 2993 ab

221 3008 343 3073 elegantia:
362 3007 526 3057 consuetudine
543 3022 674 3065 remotum,
689 3011 714 3056 ἃ
730 3007 771 3054 ille
782 3008 805 3054 vi
822 3019 887 3054 eatur
902 3008 927 3054 in
945 3008 1086 3057 Ciceronem

220 3068 318 3119 voluisse
328 3073 385 3120 talia
396 3072 517 3127 invehere,
533 3072 613 3136 qualia
621 3072 718 3136 quidem
727 3070 811 3119 Latine
822 3067 942 3125 dictentur,
958 3086 1042 3120 venun
1054 3074 1086 3119 ln·

221 3146 258 3182 ter
268 3136 354 3183 rariora
365 3135 416 3184 sunt
427 3133 559 3191 reserenda,
576 3150 619 3183 nee
628 3149 717 3183 temere
727 3132 863 3189 toleranda,
879 3131 922 3179 nisi
933 3131 975 3181 ubi
986 3136 1036 3191 inm
1049 3148 1086 3181 ex·

222 3194 289 3245 stant.
308 3203 402 3263 Semper
413 3198 445 3246 est
455 3199 480 3246 in
489 3199 591 3256 voculis,
608 3214 651 3246 nec
665 3212 746 3246 tamen
762 3193 851 3261 semper
861 3195 945 3243 melius
958 3195 1040 3265 eligit,
1050 3194 1086 3247 nt

222 3256 322 3308 duorum
339 3267 462 3311 Mstorutn
488 3262 601 3310 lestlones
621 3261 717 3313 dubiam
738 3259 826 3309 faciunt
847 3258 986 3309 terrionem,
1035 3264 1087 3309 fiee

224 3334 305 3382 prnter
318 3338 397 3373 meam
417 3324 606 3373 consuetudinem
628 3323 677 3380 funt
699 3322 762 3371 dieta
780 3357 787 3378 ‚
808 3319 847 3372 sed
861 3322 895 3369 im
912 3333 1001 3372 ortuna
1019 3318 1085 3389 prave

224 3381 289 3431 dotti
308 3385 411 3441 hominis
434 3390 573 3453 protervitas
598 3387 718 3442 videbatur
742 3384 806 3437 certe
833 3383 882 3438 sem
932 3384 1085 3453 reprimenda

225 3447 321 3510 rrrtrrg.
960 3520 991 3562 eo
1016 3470 1087 3575 irrui

63 3594 187 3680 1,*
