2272 4020
125 156 208 239 '48
299 146 469 212 Errsr.
504 158 568 209 nn
602 140 900 208 Luurunttnt

165 283 232 333 nam
247 262 346 330 dearn,
367 252 487 335 (oquin
502 244 548 315 tris
561 256 681 323 sororem
703 264 727 311 5¹
737 258 932 331 impunitatem
953 252 992 315 est
1003 254 1058 317 usu

164 342 257 404 lorum
277 337 414 397 sententiis
433 332 587 404 assecutus,
613 333 661 410 qui
678 331 790 408 5²(cum
810 335 932 392 tribunus
951 332 1041 407 plebi!

165 434 260 493 poenas
275 414 291 473 i
304 411 429 471 seditioso
448 411 503 470 ciui
523 429 571 486 per
590 410 679 467 bonos
700 411 773 469 viros
789 409 897 484 judicio
912 408 1048 497 persequi*

72 550 80 566 ,
165 494 260 568 vellet)
281 489 440 563 exemplum
454 486 684 563 praedatiffimum
699 487 728 544 in
742 486 880 562 posterum
894 486 1047 545 vmclicau*¹

166 569 211 628 dae
224 566 362 629 seditionis
376 565 411 622 de
424 565 560 640 republica
580 561 738 621 sustulerunt
753 563 921 641 iisdemque
941 560 1046 642 postes..

165 664 226 706 non
251 660 348 703 meum
369 651 585 699 monumentum
608 637 685 713 (non
714 641 789 697 enim
816 639 870 697 illae
897 638 1041 699 manubia

166 740 257 790 meae‚
276 719 323 778 sed
335 718 424 793 operis
436 717 539 774 locatio
553 732 616 772 mea
630 715 734 790 iuerat)
749 727 968 773 monumentum
988 730 1048 775 voa*

167 798 333 864 rosunum,
353 793 441 851 hostili
455 792 595 858 nomine,
615 791 645 847 δι
667 794 782 851 cruentis
801 792 923 851 inustum
943 790 1035 853 utteris

168 870 222 931 esse
235 872 299 948 palii
311 871 379 929 sunt.
419 869 477 944 Qui
492 885 538 925 me
552 867 680 926 homines
694 868 772 944 quod
784 868 886 927 salvum
909 866 963 927 else
983 884 1034 927 vo-

167 950 293 1018 luerunt,
313 946 350 1006 est
363 946 433 1004 milii
444 943 645 1021 gratissimum:
673 943 719 1003 sed
739 944 841 1003 vellem
867 963 928 1004 non
946 942 1032 1005 solun

997 1020 1034 1083 ἲν

168 1184 316 1301 excogitasse.
350 1189 414 1239 Cum
423 1200 503 1237 autem
514 1182 651 1251 quibusdam
664 1200 715 1234 non
729 1180 818 1237 insulsis
834 1190 871 1253 (ut
886 1188 982 1254 opinor)
997 1152 1044 1239 ra·¹

168 1255 230 1302 tioni
246 1270 271 1301 us
288 1261 344 1300 eam·
356 1250 547 1308 confirmassem,
568 1267 618 1300 non
632 1251 707 1315 magis
722 1246 795 1313 ipsam
812 1252 835 1298 vi
851 1267 946 1309 eamm,
960 1267 1032 1317 quem

167 1316 231 1364 illius
240 1318 306 1364 unius
321 1316 474 1372 testimonio,
490 1329 568 1362 veram
583 1310 628 1362 esse
660 1327 708 1361 uto.
730 1315 796 1362 Idem.
813 1316 838 1361 in
849 1314 933 1378 poster.
964 1316 1031 1365 Ruti-

169 1370 215 1427 lius
226 1381 264 1425 ille
274 1378 406 1437 furverurn
422 1374 467 1425 ess'e
483 1378 610 1432 ariolator,
640 1375 669 1423 ed
685 1377 768 1426 Veneti
783 1377 864 1424 locum
880 1378 1031 1429 emendantur
1047 1406 1050 1429 :

168 1442 211 1487 illu
218 1440 289 1499 furia.
325 1442 372 1488 Alii
383 1454 461 1488 autem
472 1440 621 1494 maluerunt,
638 1440 675 1485 illc
686 1439 751 1497 furia
760 1441 845 1487 muliaeb.
862 1453 888 1488 ut
898 1442 949 1489 illie
958 1443 1030 1503 saluti
1046 1452 1049 1457 '

170 1504 243 1551 Panlo
254 1495 305 1567 post
315 1506 387 1550 etiam
397 1504 476 1558 rene,
493 1500 535 1549 nisi
552 1501 636 1556 fallor,
652 1502 781 1549 inveneris
797 1502 898 1565 legitur?
914 1508 1033 1567 Impunita-
1046 1522 1050 1532 ·

169 1572 213 1612 rem
227 1565 255 1625 est
263 1567 338 1626 scelus.
356 1570 473 1613 canuerat.
491 1565 587 1613 Diiium
601 1577 625 1610 ut
637 1567 762 1613 Terentio:
779 1568 1034 1627 Primum-jamme*

168 1632 348 1691 reloccomperir.
364 1626 554 1684 ficGulielmius3
571 1624 702 1689 aspernatus
710 1625 818 1675 Lambini
824 1628 969 1695 viliorisque
977 1644 1033 1678 eon*

170 1690 288 1751 sosimas,
327 1691 391 1739 uibus
409 1690 466 1739 nihil
477 1706 534 1754 opus
546 1689 591 1746 est,
607 1689 652 1737 hac
667 1689 744 1739 nostra
753 1691 942 1755 interpunstione
956 1685 1049 1743 Μ’

170 1753 209 1801 &a
218 1770 247 1802 ex
259 1706 399 1802 memlbrunis
412 1754 572 1809 Gmrerianis3
596 1754 691 1815 optimis
706 1750 912 1819 vetustissimusque.
929 1756 1033 1805 Gelharlt

170 1820 262 1865 Furium
281 1818 416 1863 muliebrium
435 1819 559 1879 religionum
579 1818 681 1879 appellat
692 1815 805 1864 Clodium
815 1831 909 1881 propter
918 1819 1035 1871 violatum

169 1872 259 1939 saelum
277 1879 345 1927 bonae
359 1878 413 1929 dea.
440 1884 527 1928 lterum
542 1879 651 1928 Libum.
669 1894 734 1943 epu„
753 1882 834 1939 fallaris
844 1881 952 1940 confilium
959 1884 1035 1945 prola,

185 1945 226 1989 uod
235 1945 276 1989 tibi
290 1946 376 1989 venian
391 1960 429 1989 non
445 1944 521 1998 dedit,
541 1947 575 1989 un·
584 1943 613 1987 ad
627 1943 689 1987 illam
704 1947 794 1989 Furium
809 1944 896 1991 verbum
909 1948 1033 2006 rescriberes.

169 1958 192 2068 Ξ.
205 2010 229 2054 F.
244 2006 385 2055 Gronovius.
419 2010 470 2054 Nec
485 2018 566 2053 tamen
582 2001 624 2052 illa
639 2006 699 2052 tanti
714 2004 784 2060 sunt,
800 2018 824 2052 ut
844 2007 968 2077 periodum
983 2008 1034 2073 pul*
1063 2059 1072 2069 ,

136 2122 139 2128 ,
170 2068 438 2117 cherrinreabviliorio
452 2067 602 2115 constitutam
616 2066 726 2123 turbent;
748 2082 791 2115 nec
806 2066 883 2116 omisit
899 2084 965 2135 parer
979 2086 1034 2121 cum
1058 2069 1072 2126 ,⁴

169 2130 195 2179 in
206 2131 299 2194 privatis
311 2130 393 2180 scholis
404 2145 457 2178 eam
468 2128 535 2177 nobis
550 2128 715 2177 commendare
726 2164 733 2185 ‚
749 2144 800 2178 tum
812 2128 902 2196 publice
912 2130 1035 2199 pradum

170 2191 197 2242 δι
208 2193 359 2248 confirmare,
376 2192 441 2255 quod
451 2190 503 2240 vide
515 2188 544 2237 ud
553 2193 647 2238 Livium
659 2207 696 2250 29,
704 2209 737 2241 12.
761 2198 856 2245 Gronov,

203 2272 238 2310 50.
256 2258 331 2319 Qum
340 2260 381 2302 tris
390 2259 476 2316 sorores.
482 2270 488 2312 j
514 2252 565 2301 Vid.
579 2254 682 2303 Perizon.
699 2256 859 2309 Anunadvers.
873 2258 930 2309 Hist.
946 2274 967 2310 c.
982 2276 1033 2311 111.

98 2323 103 2334 '
168 2326 192 2380 p.
203 2334 251 2372 109.
270 2317 328 2367 &se
346 2317 459 2368 uentibus.
968 2336 976 2344 ·
1062 2353 1068 2363 .

125 2418 129 2425 .
203 2392 238 2436 51.
256 2388 404 2443 ltnpunnatnn
425 2383 452 2441 est
466 2380 552 2429 illorum
568 2382 677 2441 sententiis
702 2382 834 2445 mserum]
865 2384 1035 2439 Reduceudnm
1063 2425 1071 2433 .

170 2440 235 2491 tlttxit
247 2459 275 2492 ex
286 2446 360 2493 Vatic.
374 2444 512 2493 Gulielmius
522 2443 582 2492 hanc
592 2446 739 2504 leniionem,
754 2453 875 2508 inventam
890 2448 998 2499 Viliorio
1006 2452 1034 2501 in

168 2506 312 2556 membranis
322 2508 452 2565 Medicum,
468 2506 510 2555 nili
521 2506 585 2571 quod
595 2508 626 2556 ibi
636 2510 715 2557 littera
724 2511 771 2558 uui
784 2511 874 2567 minum
885 2514 1036 2575 inpunitum

163 2568 276 2628 stillarum
290 2574 333 2623 &a
356 2574 380 2621 &
391 2570 446 2619 verb
463 2571 638 2634 PaLp1.etiam
655 2569 738 2622 diserte
749 2570 818 2637 ὴρὼεῑ
833 2578 983 2635 impunitatem
991 2576 1035 2635 sti·

168 2632 359 2693 Iorumsentenrt'is.
377 2636 446 2682 ceteri
455 2636 600 2696 impunitatem
605 2636 707 2694 fielcrum
717 2638 827 2697 sententiis
836 2638 942 2697 affetum.
965 2651 992 2687 ut
1008 2640 1036 2691 &

168 2696 245 2757 prima
256 2694 336 2746 editio.
355 2698 416 2753 alite,
432 2702 482 2760 imp.
489 2699 670 2759 ftelerumeorum
676 2704 792 2762 sntrmtiis.
809 2698 926 2749 Gebhard.

203 2774 239 2812 52.
253 2768 309 2815 ,Cum
318 2763 415 2808 tribunus
422 2763 473 2823 plcl.
483 2776 553 2823 prunas
564 2764 578 2807 d
584 2763 681 2822 seditioso
697 2768 743 2810 civi
753 2776 790 2825 per
805 2763 863 2809 lonas
878 2766 938 2810 viros
948 2764 1037 2825 judicia

164 2822 262 2885 persequi
270 2824 354 2875 velini,
374 2831 410 2872 Ira
426 2823 498 2887 scripsi
514 2826 591 2890 potius
606 2840 634 2873 ex
646 2827 719 2874 vatic.
732 2825 787 2873 Pali.
801 2822 855 2874 edit.
867 2825 957 2888 primi,
974 2827 1036 2875 alio·
1058 2868 1061 2874 .

170 2896 217 2945 que
227 2897 272 2933 vet.
284 2884 336 2935 cod.
344 2887 417 2950 quim
427 2888 512 2950 vulgis:
529 2894 576 2935 cive
585 2890 630 2940 &n
647 2893 670 2935 in
681 2890 767 2939 iudicio.
784 2885 823 2935 sed
838 2891 924 2936 mirum
940 2892 967 2939 ἃ
977 2905 1036 2954 por-

171 2956 263 2996 tentum
273 2958 302 2996 ne
312 2946 392 2997 sileam
403 2950 432 2998 ad
442 2953 530 3013 priora:
548 2951 594 2999 l’al.
605 2964 657 3000 tert.
665 2956 737 3011 ,Gruu
749 2950 835 3000 habent
847 2971 854 3007 ;
870 2970 918 2997 cum
931 2966 1036 3011 tyrannm

170 3012 196 3056 Ρ.
207 3013 307 3068 Lentusu
324 3028 380 3077 pro,
396 3016 441 3059 turn
456 3016 551 3061 tribunus
563 3017 616 3076 pleb.
629 3030 707 3079 penus.
725 3014 841 3065 Gebhard.
873 3019 1005 3080 Receptam
1021 3030 1037 3065 2

169 3071 296 3122 Gebhardo
306 3076 433 3125 lestionem
442 3090 533 3126 tuentur
543 3077 591 3126 duo
605 3081 669 3135 mei,
686 3084 711 3129 δι
723 3075 946 3127 Amsterodanrensis
962 3088 968 3124 ε
995 3070 1036 3127 seri

170 3134 195 3182 δι
208 3133 276 3186 simul
285 3150 421 3201 portentum
430 3141 554 3198 leliionis,
571 3142 637 3206 quod
650 3157 679 3190 ex
696 3143 802 3190 Palatino
817 3143 886 3190 tertio
902 3144 927 3189 δι
940 3143 1037 3193 Gruteri

170 3197 250 3247 codice
262 3200 397 3251 Gebhardus
408 3205 492 3253 attulit.
525 3207 684 3255 Mentelianus
695 3221 750 3254 vcro
762 3224 768 3252 :
787 3213 835 3251 cum
851 3209 876 3252 T.
890 3209 982 3251 Annius
992 3208 1036 3252 trl-

169 3258 235 3306 lntnus
248 3267 320 3323 plelis.
353 3272 431 3328 Quam
441 3268 568 3317 lesiionem
578 3285 656 3317 verani
666 3269 711 3317 esse
723 3268 830 3317 existimo
842 3302 849 3324 ‚
866 3270 890 3316 δι
902 3283 932 3314 err
942 3266 986 3315 illa
995 3282 1036 3317 οι·

170 3334 220 3369 turn
230 3319 288 3374 illud
299 3328 441 3377 monstruni·
457 3346 563 3388 tyrannus.
588 3338 622 3380 Ex
633 3337 675 3381 PL.
688 3348 744 3379 vero
759 3347 802 3395 pro
816 3332 880 3393 plebis
895 3337 921 3378 P.
936 3333 1035 3381 Lentulo.

170 3384 287 3437 Credibile
302 3392 366 3439 enim
380 3391 412 3440 est
429 3391 569 3443 Ciceronem
589 3388 674 3444 tribuni
694 3395 767 3459 plebis
787 3408 876 3441 nornen
895 3390 1034 3457 expretfiffe.

170 3450 276 3503 Gravius.
309 3455 386 3505 Miror
394 3455 454 3507 illud
462 3470 599 3522 portentum
611 3456 783 3515 urrunnun
815 3462 882 3515 Nam
897 3472 949 3511 uon
969 3456 1039 3508 aliter

1002 3533 1043 3570 “a
