2272 4020
232 157 421 225 urm
463 157 754 228 Trrrrus.
872 177 930 245 ¹33

54 274 150 335 cestnte
162 273 255 333 facete
274 270 406 349 possent,
427 292 471 333 eas
492 276 561 334 mihi
581 274 641 351 post
662 277 789 335 brumam
803 273 930 335 reddide-

56 363 129 411 runt.
170 351 224 410 Sed
237 351 321 420 scito,
342 354 372 409 &
386 352 577 426 multoplures
602 348 680 421 eise,
700 355 749 430 qui
770 353 804 411 de
824 353 929 411 tributis

56 427 199 497 recusent,
219 427 305 504 qu‘am
319 430 368 504 qui
383 430 454 503 exigi
468 428 576 487 velint:
599 430 629 485 &
644 445 690 485 me
711 442 805 487 tamen
821 474 829 498 ,
849 428 929 505 quod

54 512 83 561 te
97 504 171 563 velle
184 504 355 575 existimem,
375 501 428 563 effe
444 504 590 562 facturum.
629 504 675 561 De
688 506 820 579 Appianis
833 505 927 564 mete-

54 596 116 639 nus.
156 578 222 639 4⁶A
234 580 387 651 Pausania,
408 581 521 639 Lentuli
534 582 650 649 liberto,
669 592 685 622 ¹¹
697 582 813 640 accenso
840 594 950 650 meo,n
967 580 1077 653 &²0²-

55 656 174 726 audivi,
194 656 259 715 cltm
273 657 393 727 diceret,
412 668 442 715 te
456 656 549 714 secum
564 654 617 715 esse
630 656 775 733 questum,
794 655 872 733 quod
892 639 1001 716 ti·s⁰¹¹¹⁰
1022 647 1077 699 MS·

56 731 85 791 bi
99 732 215 792 obviam
228 752 289 793 non
301 731 459 810 prodislem.
498 734 607 793 Scilicet
626 732 781 809 contempsi
800 745 852 793 te:
873 751 926 791 nec
996 803 1011 813 ..

54 809 146 883 potest
159 809 219 869 sieri
232 822 303 868 ⁰me
323 811 475 887 quidquam
494 809 639 885 superbius.
679 810 753 868 Cirm
774 829 842 886 puer
865 816 952 869 tuus⁰
967 802 1009 846 ‘h'
1025 803 1062 850 ἀί·

53 884 90 945 ad
112 904 162 945 me
174 884 364 945 secundafere
384 887 474 963 vigilia
493 884 630 955 venisset,
650 886 725 963 isque
747 900 773 945 te
801 901 865 945 ante
885 868 1034 944 lu-¹'''⁸¹¹²⁹·

53 978 118 1021 cem
132 963 264 1021 Iconium
278 964 348 1021 mihi
360 976 508 1023 venturum
522 960 666 1023 nuntiasset
682 1006 690 1031 ,
710 966 903 1042 incertumque
918 1008 928 1033 ,

53 1050 116 1097 utra
130 1039 193 1108 via,
213 1038 279 1097 cirm
295 1034 379 1098 essent
392 1039 456 1099 duae
472 1061 479 1098 :
499 1041 581 1098 altera
593 1041 769 1110 Varronem,
788 1054 869 1099 tuum
890 1041 933 1097 fa-

53 1114 290 1186 miliariffimum,
310 1115 392 1174 altera
412 1120 450 1250 (p.
466 1117 609 1191 Leptam,
629 1118 793 1191 praefectum
820 1116 931 1176 inbrirm

57 1206 174 1261 meum,
193 1190 243 1251 tibi
256 1192 369 1251 obviarn
384 1194 421 1251 mi
435 1211 451 1250 r.
479 1192 608 1250 mandavi
628 1193 736 1268 utrique
764 1212 880 1262 eorum,
900 1205 933 1252 ut

57 1266 123 1325 ante
136 1268 173 1326 ad
187 1286 234 1327 me
249 1282 440 1337 excurrerent,
460 1282 490 1326 ut
504 1270 553 1326 tibi
571 1268 683 1326 obviam
698 1268 933 1345 prodirepossem.

58 1344 181 1403 Currens
195 1345 285 1421 Lepta
298 1347 390 1415 venit,
411 1346 535 1422 mihique
550 1345 686 1403 nuntiavit
700 1389 709 1415 ,
728 1358 757 1403 te
775 1347 834 1420 jam
850 1347 935 1406 castra

57 1419 279 1497 praetergressum
295 1418 356 1480 elle.
377 1422 521 1481 confestim
535 1421 666 1480 Iconium
679 1423 752 1480 veni.
774 1436 864 1481 cetera
873 1424 936 1499 Jam

58 1496 109 1555 tibi
131 1511 200 1556 nota
220 1497 288 1557 sunt.
333 1499 381 1557 An
403 1517 455 1574 ego
475 1499 524 1557 tibi
552 1498 663 1557 obviam
691 1517 749 1558 non
771 1496 937 1574 prodirem?

58 1572 200 1649 primum,
220 1574 314 1649 Appio
329 1573 467 1633 Claudio?
487 1574 605 1644 deinde,
624 1574 803 1650 imperatori?
824 1575 938 1645 deinde,

59 1666 142 1709 ruore
176 1651 317 1726 majorum
337 1648 349 1707 ?
377 1651 493 1719 deinde,
513 1651 591 1727 quod
619 1664 704 1726 ‘caput
737 1652 798 1721 est,
818 1652 936 1710 amico?

59 1726 210 1800 praesertim
225 1725 289 1785 clun
303 1727 332 1784 in
346 1725 396 1785 isto
410 1744 511 1803 genere
525 1738 553 1781 47
562 1726 652 1784 multo
669 1729 752 1785 etiam
767 1728 936 1787 ambitiosius

59 1803 152 1865 facere
166 1802 294 1873 soleam,
313 1801 400 1895 quam
419 1806 510 1865 honos
530 1821 608 1861 meus
628 1804 658 1860 &
678 1803 792 1879 dignitas
812 1804 938 1939 postuslaq.

901 1898 917 1938 e

93 2042 134 2095 46.
153 2040 184 2083 ,A
196 2036 320 2097 Paufiania,
330 2037 420 2084 Lentuli
435 2034 521 2091 libana,
537 2034 616 2096 accanfin
633 2039 697 2092 men]
728 2037 781 2082 Nos
792 2031 937 2098 scripsimus,

63 2098 144 2159 auerso
154 2116 215 2156 man,
232 2115 282 2146 non
293 2111 374 2147 tamen
384 2097 416 2147 fic
429 2100 520 2172 penitus
530 2097 563 2146 est
573 2099 598 2146 in
610 2098 713 2160 antiquis
724 2112 731 2143 r
747 2095 858 2145 nonnihil
869 2099 936 2149 enim

64 2160 148 2210 mendi
162 2161 225 2210 hunc
236 2162 317 2211 locum
328 2175 450 2226 occupavit
463 2178 470 2208 s
487 2160 518 2210 ibi
533 2161 598 2209 enim
608 2178 622 2206 a
633 2160 742 2220 Pausania
755 2162 845 2207 Lentuli
858 2161 936 2209 Liber-

63 2234 86 2269 ta
97 2224 170 2285 accaffo
179 2243 223 2271 meo
234 2223 343 2288 scriptum
355 2225 394 2275 esi.
412 2225 508 2289 vulgata
521 2224 592 2272 lestio
607 2224 708 2271 omnino
719 2221 845 2286 depravata
860 2221 893 2270 est
910 2240 936 2270 aa

63 2288 168 2348 rafanis:
186 2287 216 2336 de
226 2301 275 2334 uno
286 2291 350 2336 enim
362 2302 458 2337 tantum
467 2288 587 2352 loquitur,
602 2301 628 2336 ut
645 2302 675 2334 ex
693 2283 840 2351 sequentibus
858 2284 935 2336 verbis

65 2349 194 2399 manifesto
204 2350 329 2415 colligitur.
363 2351 435 2399 Volui
446 2353 496 2399 anti
514 2364 571 2397 uam
576 2347 717 2414 ¹scripturam
727 2348 837 2397 omnibus
845 2363 936 2413 propo-

66 2427 140 2470 nere,
156 2426 182 2461 ut
195 2411 265 2476 siquis
278 2413 383 2463 nostram
394 2430 445 2463 non
456 2366 586 2487 proderet,
603 2410 792 2461 comminiscatur
808 2413 900 2466 uliam,
915 2408 935 2459 ti

65 2475 157 2539 potest,
173 2477 310 2524 meliorem:
327 2477 414 2525 nullius
424 2492 490 2525 erum
498 2475 613 2527 industria
623 2473 767 2524 invidemus:
784 2475 937 2537 pollicemur·

84 2553 113 2586 ue
125 2536 215 2603 semper
225 2549 310 2586 notum
319 2538 437 2596 faunos,
452 2537 471 2587 si
485 2537 583 2605 quando
588 2537 618 2587 ab
626 2538 724 2601 antiqua
735 2536 844 2599 scriptura
855 2533 938 2583 disces-

64 2554 163 2652 serimus
176 2617 182 2648 t
198 2603 266 2665 cupio
279 2602 343 2649 enim
358 2601 376 2651 sr
387 2605 465 2663 minus
475 2603 599 2667 ingenium
610 2614 634 2648 at
645 2598 718 2649 sidem
728 2603 753 2649 δι
764 2600 938 2663 ingenuitatem

65 2665 173 2714 nostram
189 2662 360 2714 commendari.
393 2666 442 2715 atii
461 2669 485 2712 in
499 2664 575 2725 acceffu
593 2681 637 2710 man
652 2664 753 2728 legunt:
776 2660 841 2725 quod
858 2663 938 2709 minus

64 2730 150 2793 placet.
186 2725 237 2776 Nisi
256 2728 321 2775 enim
336 2730 454 2787 Paufimias
471 2727 553 2791 aliquo
565 2726 677 2774 Ciceroni
692 2723 822 2773 ministerio
837 2724 938 2779 conjun-

65 2793 117 2840 stus
128 2788 198 2848 esset,
214 2792 254 2839 vir
266 2792 325 2839 milri
336 2789 460 2838 verisimile
471 2790 562 2837 videtur
575 2789 677 2860 Appium
688 2803 742 2834 cunr
753 2802 783 2835 eo
800 2799 852 2835 tam
866 2785 938 2835 libere

84 2854 175 2904 uestum
184 2850 231 2902 esse
242 2850 272 2901 de
284 2855 405 2902 Ciceronis
416 2853 521 2912 injuriis:
538 2849 577 2901 sed
586 2864 643 2915 quia
652 2849 686 2898 hae
702 2863 783 2898 tenues
796 2848 936 2911 conjectura

64 2870 133 2974 deust,
149 2930 228 2966 totam
238 2916 300 2965 hanc
312 2932 363 2965 rem
374 2914 494 2964 eruditiori
504 2914 591 2976 judicio
608 2913 773 2976 relinquemus.
830 2911 879 2960 uod
893 2926 936 2959 au·

65 2995 118 3030 tem
127 2981 205 3040 accaaafi
211 3015 218 3036 ,
234 2978 350 3029 Consules
361 2983 388 3030 δι
399 2983 508 3028 Praetores
518 2975 584 3042 sequi
598 2975 661 3025 soliti
676 2972 748 3024 effent
764 2978 789 3023 in
805 2982 841 3023 cat
852 2988 891 3029 ra,
907 2975 935 3022 δι

66 3058 108 3092 eur
118 3042 287 3108 sreappellati,
304 3045 360 3106 quia
369 3042 398 3091 ab
410 3041 512 3105 antiquis
523 3039 691 3091 Grammaticis
700 3038 770 3087 docte
791 3040 816 3086 δι
832 3035 936 3100 diligen·

65 3119 104 3155 rer
114 3105 258 3155 declaratum
269 3104 316 3161 est,
332 3106 392 3155 nihil
401 3107 485 3153 attinet
496 3118 604 3169 repetere.
628 3104 739 3151 veranus.
773 3098 870 3150 Accenii
882 3111 936 3170 mu·

65 3186 111 3218 nus
127 3169 217 3218 libertis
232 3167 316 3217 deferri
332 3164 446 3225 solitum,
462 3166 550 3216 indicat
569 3164 633 3229 epist.
646 3172 683 3213 1⁶.
706 3164 736 3212 nd
755 3164 862 3234 Atticum
873 3159 936 3209 libro

84 3246 161 3284 uarto.
177 3234 204 3281 in
214 3246 262 3295 qua
272 3231 404 3280 Antiochus
415 3230 529 3279 Gabinius
546 3227 661 3293 quidam,
684 3231 713 3276 A.
732 3223 827 3274 Gabinii
840 3223 939 3273 libertus

65 3248 94 3345 dt
106 3292 214 3345 accensius
225 3295 375 3352 nominatur,
392 3298 417 3343 &
427 3310 464 3358 ep.
474 3310 494 3341 1.
511 3291 551 3343 lib.
561 3309 580 3341 1.
598 3290 629 3339 ad
639 3295 673 3350 Q.
682 3288 736 3339 frat.
752 3293 778 3337 P.
785 3290 872 3337 Manat.

99 3376 137 3419 47.
151 3360 225 3407 Multo
236 3362 303 3404 ctiam
312 3358 442 3418 amlitufius
448 3357 520 3417 facere
530 3357 630 3417 saluam]
646 3351 736 3400 Scilicet
747 3350 777 3398 ad
804 3347 938 3400 uaerendam
1001 3404 1005 3410 ,

64 3424 185 3487 gratiam,
201 3419 239 3469 seu
255 3419 385 3479 savorem,
400 3420 448 3470 five
464 3416 525 3483 apud
536 3417 650 3534 pppqqlum
662 3448 669 3471 ,
683 3412 732 3463 sive
747 3366 808 3479 npdd
823 3412 937 3482 singulos
1007 3470 1012 3477 .

62 3489 132 3540 Nam
146 3486 238 3541 ambitio
257 3485 285 3537 'tu
298 3481 344 3538 hac
357 3482 530 3596 siguificatiqne
621 3475 686 3532 aluid
699 3477 733 3533 est
744 3492 818 3546 quatu
834 3485 939 3601 captqttq)
