2272 4020
133 248 656 332 LrornQururue.
773 249 833 331 269

32 376 178 420 metemus.
216 361 313 435 ltaque
334 359 399 417 huic
420 360 486 419 loco
514 358 634 436 primum
653 359 833 436 respondeo,

49 454 219 513 quamquam
230 438 305 513 justis
320 435 355 493 de
367 435 453 495 caulis
474 446 502 490 ²5
511 437 629 495 rationes
649 436 754 496 deferre
767 457 832 515 pro-

32 515 100 581 tim,
119 525 214 571 tamen
228 526 257 571 te
271 510 488 587 exspeclaturum
502 510 596 581 suille,
615 511 664 570 nifi
677 514 706 569 in
719 518 832 588 provin-

33 589 125 655 elieias
138 590 257 648 tationes
270 589 299 630 ²⁶
306 602 359 662 pro
375 588 450 647 ⁸latis
462 588 601 646 haberem.
622 590 852 663 tQuamobrem,
867 614 946 665 Μ,

32 664 133 723 lolulio
146 665 224 741 quod
242 664 355 733 scribis,
374 682 434 723 non
453 664 491 722 est
511 665 539 723 id
560 666 708 723 rationum.
731 665 891 727 dorne-eui.

43 742 119 799 enim
134 759 181 799 me
195 742 274 816 petiti
288 742 416 798 homines
430 763 439 808 ;
460 741 488 798 in
502 740 542 799 his
557 739 621 799 cum
642 742 771 801 omnium
778 750 853 859 ffpe·t
867 742 911 785 ‘15¹'
920 760 962 789 ω·

32 818 118 886 imus,
137 831 199 876 tum
215 817 283 874 mihi
296 817 489 885 amicillimus,
509 827 537 869 ²⁷
547 818 580 875 C.
595 816 744 884 Camillus,
763 829 776 858 ²
799 802 964 915 adbffim

32 893 114 952 ilium
128 894 264 953 transferri
278 910 385 953 nomen
399 892 416 952 l
431 893 544 953 Valerio
558 911 617 953 non
631 890 747 969 potuisse
761 914 769 952 ι
788 869 872 955 sedo·
880 930 905 977 p,
919 932 949 977 Β.

181 998 185 1003 “
620 996 626 1009 ·
766 989 839 1047 Ρῐέῆ

32 1125 127 1176 :altero
136 1123 212 1190 capite
223 1122 335 1178 disserere.
358 1128 458 1175 solidam
468 1125 493 1176 id
502 1124 545 1184 sit,
560 1125 628 1176 idest
642 1161 649 1184 ‚
664 1125 773 1184 firmum,
789 1127 836 1179 sla-

43 1190 109 1253 quod
121 1188 150 1236 dc
161 1189 233 1255 gradu
249 1193 274 1239 dc
291 1189 343 1239 sede
359 1189 397 1238 sua
412 1190 480 1252 dejici
495 1206 545 1238 nou
561 1190 638 1253 pollit.
672 1191 837 1252 Qrcmadmo-

38 1254 110 1301 etiam
121 1267 165 1300 noe
175 1253 295 1319 eleganter
305 1252 413 1302 sermone
424 1251 504 1300 nolito
519 1246 631 1301 familimi
647 1252 745 1301 dicimus
756 1271 763 1301 :
780 1256 837 1304 reti-

32 1328 50 1362 te
61 1317 127 1364 enim
154 1330 197 1363 ene
212 1317 324 1365 Latinam
339 1331 439 1372 vocem,
455 1330 544 1379 eaque,
554 1329 609 1363 cum
623 1314 687 1364 idem
704 1315 837 1381 significare

32 1390 91 1433 nus,
107 1392 136 1443 pa
165 1393 191 1426 m
206 1381 300 1427 utimur.
324 1381 397 1434 Idem,
413 1383 437 1425 in
448 1378 601 1443 posterioribus.
635 1380 750 1427 Dicuntur
760 1382 836 1428 ratio·

33 1438 135 1489 onseilae
146 1442 171 1490 bc
181 1440 332 1490 consolidare
342 1440 433 1505 paribus
451 1438 545 1505 expense
561 1443 585 1490 ὅ(
602 1442 690 1505 accepti
706 1440 837 1491 rationibus

32 1519 43 1552 t.
66 1505 152 1551 Cicero
163 1503 203 1555 lib.
212 1519 255 1553 111.
272 1505 298 1551 in
307 1503 373 1554 Vere.
385 1503 441 1552 dicit
451 1510 543 1553 rationes
553 1505 683 1569 quadratas,
699 1502 739 1552 ubi
751 1503 836 1553 viden·

32 1563 141 1615 tsconiue.
157 1569 258 1616 Locutio
268 1566 300 1615 eli
308 1581 339 1614 eo
349 1566 465 1623 nobilior,
482 1565 548 1630 quod
558 1568 597 1616 vix
608 1565 668 1630 apud
679 1566 754 1615 ullum
761 1568 836 1619 aliun

32 1631 100 1679 iuut.
117 1630 141 1688 J.
153 1634 178 1677 f.
190 1635 284 1678 Grareau.
317 1634 421 1740 ’διήρκει
437 1630 537 1689 conseslas
553 1630 580 1682 ἐφ’
597 1632 734 1691 consolidatus
749 1633 838 1695 depone-

32 1709 42 1740 ’.
60 1693 95 1739 Sic
106 1693 152 1741 Pal.
165 1695 239 1756 quint.
250 1706 309 1740 unus
351 1690 418 1748 affer,
435 1706 519 1740 omnes
528 1692 630 1756 denique
642 1690 759 1742 Lambini.
771 1693 835 1757 Qud

32 1764 87 1801 item
96 1757 223 1815 cansilr'dare
235 1760 339 1811 rationes,
355 1752 487 1820 suggesserit
498 1755 612 1803 Alconius
621 1756 646 1803 in
654 1771 694 1803 111
703 1757 835 1816 Verrinam

32 1814 104 1866 erbum
113 1820 249 1881 quadrarint.
282 1818 421 1884 Qadrart'rtt
434 1815 565 1882 (inquiens)
577 1819 649 1877 solida
662 1817 725 1875 farsa
737 1818 837 1878 fuerint,

32 1895 77 1942 tque
93 1883 144 1942 plur
158 1885 296 1945 quidquam,
311 1895 375 1943 aeque
394 1884 465 1926 atinus
480 1884 606 1928 irrueniatur
625 1883 648 1925 in
663 1880 757 1939 summa.
789 1884 838 1930 vet·

32 1946 89 1999 ratio
97 1942 142 2001 fine
156 1944 236 2004 fraude
250 1943 296 2002 est,
312 1943 400 2005 difficile
414 1942 443 2002 est
452 1944 549 2004 sexcenta
563 1943 663 1988 detraslt's
678 1944 838 2005 quadrageno}

32 2008 74 2051 *ara'
92 2008 130 2052 ves
140 2007 212 2066 salida
223 2007 277 2068 fieri
293 2040 300 2062 ,
335 2009 374 2052 ria
394 2008 465 2051 minas
480 2019 518 2053 aar
536 2006 586 2068 plat
606 2006 694 2068 aliquid
710 2009 835 2067 reperiatur.

32 2068 84 2115 rrius
94 2070 220 2137 ceafirluras,
236 2084 265 2116 ex
276 2021 342 2117 Mes.
357 2067 405 2117 tal.
415 2068 550 2180 pnrsssraas.
567 2079 642 2131 quart.
659 2068 784 2128 consolatae,
795 2069 837 2119 elii

32 2146 61 2176 aer
71 2130 110 2179 vel
118 2132 243 2195 configentes
253 2128 348 2180 habent.
364 2132 436 2176 Gebha

32 2229 35 2242 .
53 2196 155 2304 uariam
165 2195 242 2253 referre
253 2198 403 2257 properarem]
418 2198 454 2241 lta
462 2192 597 2259 legendum.
615 2192 645 2240 ad
656 2193 760 2241 aerarimn
770 2205 834 2256 puta.

32 2269 72 2304 :au
92 2270 110 2303 rr
119 2258 267 2321 impellerent
278 2270 349 2322 atque
361 2270 469 2321 urgerent
485 2271 585 2332 graves,
605 2270 630 2304 ut
646 2257 724 2320 primo
738 2271 836 2322 quoque

32 2332 74 2366 ore
84 2318 131 2367 hoc
142 2318 221 2368 officio
233 2319 378 2369 edendarum
391 2320 421 2368 ad
430 2334 535 2368 :eranum
546 2320 664 2368 rationum
680 2317 835 2384 defungerer:

31 2397 48 2428 u
58 2380 84 2430 id
95 2380 221 2431 dilaturum
230 2381 297 2431 fuisse
307 2380 378 2447 usque
388 2384 414 2431 in
424 2381 553 2432 adventum
568 2395 635 2430 tuum
646 2415 653 2438 ‚
668 2382 710 2431 nist
726 2396 834 2447 putarem

32 2458 52 2493 rat
60 2442 206 2508 exspcilari,
221 2460 246 2495 ut
257 2446 436 2502 conferremus,
452 2460 526 2520 qutun
536 2447 586 2507 jam
599 2446 624 2493 in
640 2446 760 2508 provincia
774 2461 835 2494 corr·

32 2506 192 2571 :bedeposrtae
208 2505 287 2558 essent.
312 2509 371 2558 nihil
385 2509 450 2557 enim
466 2522 515 2569 ram
573 2520 622 2556 crat
642 2509 742 2557 mutati:
759 2522 834 2572 quum

32 2582 92 2633 nque
101 2570 208 2618 codicem
218 2571 361 2619 concordare
372 2584 499 2635 oporteret.
516 2520 573 2629 siit.
580 2574 675 2620 Gronov.

32 2664 46 2683 ,ι
55 2636 96 2680 Pro
107 2636 158 2680 laet
169 2636 287 2692 haberem]
307 2633 403 2684 videtur
419 2631 579 2695 scribendum,
592 2646 630 2696 pra
645 2635 735 2695 callais.
751 2631 832 2698 supra:

32 2710 94 2741 cutm
106 2709 144 2758 pro
159 2713 177 2744 c.
185 2713 205 2744 rr.
214 2715 236 2745 n.
248 2697 383 2758 cantulrffem.
399 2693 474 2746 idem.

32 2794 35 2806 .
53 2764 75 2806 e.
89 2759 209 2816 camillae]
224 2764 260 2814 Is,
276 2761 375 2822 opinor,
391 2772 481 2822 quern,
496 2771 522 2808 ut
537 2757 579 2808 libi
593 2755 771 2814 amicillimum,
787 2774 835 2806 no·

32 2821 78 2869 tiu
87 2834 124 2883 ep.
131 2837 169 2870 20.
186 2821 269 2870 librar.
287 2823 336 2870 &e
353 2836 404 2881 .14.
420 2820 461 2870 lib.
468 2837 520 2872 xrv.
538 2825 563 2871 &
574 2820 603 2869 ad
615 2823 721 2870 Atticum
737 2819 801 2886 epist.
810 2837 834 2879 5.

32 2919 36 2932 .
50 2885 75 2931 &
87 2883 117 2930 ad
129 2882 320 2948 eundemcp.16.
375 2898 412 2938 ιι.
429 2883 509 2934 libre.
526 2887 646 2934 P.Meaat.

32 2982 35 2995 .
53 2946 98 2995 ,ssd
115 2949 220 2993 Volcarum
234 2946 350 3005 transferri
362 2962 436 2993 namen
448 2963 463 2992 a
476 2948 579 3006 Valeria]
593 2947 665 3008 Quod
674 2947 750 3000 Rufus
761 2950 836 3012 petie·

32 3007 76 3057 rid.
89 3012 182 3058 Manut.
200 3015 295 3058 Veteres
305 3007 398 3057 codices
408 3008 446 3056 hic
454 3010 550 3070 traferri.
584 3017 637 3073 Qua
648 3011 739 3059 rarione
749 3010 778 3058 ad
790 3017 836 3059 At-

31 3069 150 3121 tlib.xvr.
167 3075 279 3122 tralatum.
296 3077 360 3119 Hunc
369 3084 395 3118 tte
407 3071 511 3121 aelam
527 3077 551 3120 t'n
565 3076 724 3120 Macrocelum:
741 3088 785 3121 nec
799 3086 838 3122 ta-

34 3131 102 3181 sicin
116 3133 197 3182 nolito
214 3132 362 3199 scripsimus,
383 3148 414 3182 ue
428 3137 512 3184 omnia
527 3136 589 3185 velle
603 3139 730 3184 immutare
744 3135 837 3184 videte-

48 3208 142 3244 tantum
153 3213 203 3245 rem
215 3195 306 3246 notasse
317 3197 463 3260 antiquitatis
483 3195 559 3247 eatrll‘a
573 3199 667 3263 placuit.
700 3198 744 3246 Ille
763 3200 838 3248 etiam

42 3259 68 3306 in
82 3258 206 3322 4cpistola
217 3260 247 3308 ad
258 3262 385 3308 Lentulum
394 3260 420 3306 in
430 3259 544 3309 veteribus
559 3260 677 3310 codicibus
692 3260 726 3307 ita
740 3256 838 3325 scriptur

38 3321 134 3380 Cattffim
150 3327 208 3368 enim
219 3324 331 3387 frequenti
346 3326 426 3370 Senatu
441 3338 482 3368 nea
495 3338 571 3385 magna
585 3329 705 3378 varietate,
719 3338 837 3387 magnaque

33 3385 57 3428 ia
72 3400 157 3439 earum,
168 3391 208 3457 qui
220 3403 233 3430 a
248 3400 268 3432 te
283 3386 373 3447 eaufflrm
384 3387 463 3446 regiam
473 3386 519 3432 astir
529 3386 669 3444 traftrebant,
686 3386 834 3436 obtinebantur.

32 3444 124 3493 letiam
145 3448 197 3494 aliis
212 3463 263 3496 non
280 3450 358 3512 paucis
378 3447 437 3496 locis
452 3444 631 3497 observavimus.
665 3451 730 3495 Nam
745 3449 836 3496 tralatt‘e

32 3508 134 3555 rantsatt'a
145 3507 203 3556 boni
213 3511 305 3559 codices
317 3509 406 3575 semper
417 3507 504 3557 habent
515 3510 540 3556 in
555 3508 619 3558 libris
636 3511 751 3563 oratoriis.
784 3515 838 3558 Do·
852 3555 858 3567 ,

32 3587 36 3620 r
57 3573 132 3629 etum
151 3571 331 3629 accuratissimus
347 3572 453 3629 lutatii
468 3572 582 3640 interpret
602 3572 634 3626 lic
652 3587 741 3628 taeter
757 3568 839 3685 ἁέκιέξε

781 3650 794 3684 e
830 3656 840 3669 .
