2272 4020
62 69 65 74 .
90 39 1048 75 Ἦ

205 207 400 279 lirun
438 194 757 285 octricus:¹
847 213 913 305 η)

42 342 190 407 homines,
207 332 345 423 Pompeio
366 348 433 420 cum
454 318 561 393 Caesare
580 332 635 395 elie
654 338 822 414 negotium,
841 336 910 398 effe.

42 420 93 479 cit.
131 418 296 549 ltafluegam
304 453 314 482 ‚
333 419 365 468 ut
378 409 463 469 video
477 454 486 481 ,
504 411 708 473 alteramutrant
721 404 756 473 all
770 414 908 476 conditio-

43 492 230 583 nemdelcen
250 503 296 575 ere
316 486 376 577 vult
397 486 511 558 Caesar,
537 502 568 549 ut
589 503 635 549 aut
655 503 767 573 maneat
775 535 789 579 3
814 510 908 580 neque

45 582 73 637 ιι
83 573 140 630 hoc
153 580 230 627 nmo
241 563 281 651 sur
294 570 364 623 rano
376 564 523 625 holmum:
541 578 605 637 aot,
624 566 782 645 tidefijgnan
795 568 907 661 potent,

43 646 180 859 nt

45 820 77 861 n·
127 816 142 857 c

182 795 266 864 cerit,
285 794 382 855 cadere
394 813 453 855 non
460 794 544 873 polle.
582 798 634 856 Me
652 799 750 859 traiiat
767 797 912 858 liberaliter

46 875 150 944 Curio,
171 874 202 932 &
214 871 345 931 ministro
359 890 475 933 munere
494 875 640 951 negotium
656 875 797 951 imposuit.
835 874 914 933 Nam·

45 952 67 1013 fi
80 952 149 1013 mihi
161 968 222 1010 non
235 947 349 1009 dedillet
360 968 424 1019 eas,
441 958 505 1026 qtae
519 951 555 1011 ad
566 950 645 1010 ludos
659 952 686 1011 ei
699 951 822 1010 adveeae
835 963 914 1010 erant
997 1023 1000 1029 Ι

45 1030 190 1099 Africanae
206 1032 219 1095 ',
247 1026 341 1101 potuit
359 1026 547 1103 2supersederi.
584 1028 699 1098 Nunc,
733 1040 819 1106 quum
847 1027 932 1087 dares
947 1020 1064 1099 socole-¹

45 1100 154 1167 neceffe
168 1097 222 1172 est,
241 1103 326 1161 uelim
339 1103 389 1162 tibi
401 1100 476 1162 eure
488 1102 538 1175 lit,
551 1104 630 1182 quod
642 1104 701 1164 ‘ate
715 1104 821 1182 semper
833 1106 910 1181 petii,
920 1097 976 1149 ΜΕ
989 1099 1066 1191 “⁸⁹⁴

45 1193 79 1243 ut
110 1179 213 1257 aliquid
236 1177 314 1239 istinc
345 1178 489 1239 bestiarum
520 1181 681 1259 habeamur..
715 1181 912 1259 Sittianamque

46 1258 229 1334 syngrapham
261 1256 311 1314 tibi
346 1255 529 1316 commendo.
582 1258 727 1317 Libermm
765 1258 912 1319 Philonem

47 1335 116 1397 irinc
129 1331 212 1403 mili,
231 1332 263 1391 δε
280 1332 442 1409 Diogenem
462 1335 619 1407 Graecum,
644 1335 742 1412 quibus
767 1335 946 1408 mandatam.
962 1348 1051 1412 cilix.

49 1413 81 1471 δι
99 1410 198 1469 litteras
216 1409 251 1469 ad
269 1420 298 1468 te
316 1409 388 1471 dedi.
407 1426 456 1470 eos
474 1410 523 1471 tibi
541 1413 573 1470 ὅτ
590 1424 674 1482 rem,
701 1408 736 1470 de
754 1428 808 1489 qua
828 1412 913 1485 mifi,

48 1488 135 1547 velim
155 1502 230 1547 curae
248 1487 356 1547 habeor
388 1504 478 1558 nam,
510 1487 595 1566 quam
616 1489 796 1547 vehementer
809 1488 849 1547 ‘ad
868 1507 916 1550 me

49 1565 200 1642 pertineam
219 1563 250 1621 in
262 1564 311 1635 iis,
330 1581 396 1642 quas
408 1565 457 1624 tibi
469 1564 507 1624 illi
519 1565 660 1635 reddent,
677 1565 771 1625 litteris
784 1565 917 1644 descript.

318 1722 654 1773 En1sroun1x.

67 1848 174 1906 ,alta
207 1849 323 1907 Gloriatur
336 1846 418 1893 edilem
429 1845 453 1905 sc
467 1845 615 1908 destgnnun,
644 1849 736 1895 Hirrum
752 1847 877 1911 repulsione
892 1847 920 1896 de

50 1920 94 1973 rep.
106 1913 162 1958 nihil
172 1912 244 1958 ailam
249 1908 370 1973 fignificat:
383 1910 497 1971 pantheras
503 1912 571 1972 petit:
588 1911 699 1957 ferialium
714 1911 861 1958 commendat:
878 1914 920 1958 ad·

50 1974 88 2021 die
98 1974 124 2020 dc
134 1978 186 2020 Pom
199 1976 229 2034 eji
239 1989 264 2020 oc
274 1974 378 2034 Scipionis
388 1975 412 2019 io
425 1972 522 2034 cefflrem
530 1975 601 2019 animo
614 1988 622 2018 .·
639 1974 741 2034 disertam
755 1977 780 2020 in
789 1974 832 2034 sua
846 1973 921 2031 defin-

45 2036 108 2096 fione
124 1985 250 2092 calilicem,
265 2036 423 2096 incensatione
434 2034 543 2098 frigidam
557 2036 655 2098 appellat.
687 2039 823 2098 Totaproter
833 2036 921 2084 Feeidii

52 2100 269 2156 commendationem,
289 2114 334 2162 que
350 2099 376 2144 ab
391 2095 456 2158 officio
472 2098 613 2162 proficiscitur
628 2132 636 2154 ,
655 2100 765 2161 negotialis
780 2099 808 2158 est
823 2098 916 2161 epistola.

51 2162 94 2219 [Α
102 2167 131 2211 V.
138 2166 168 2213 C.
185 2166 276 2224 Deli]
290 2166 358 2211 Hanc
370 2158 480 2225 precellit
495 2176 531 2228 ep.
538 2181 561 2222 ς.
578 2161 645 2224 hujus
657 2161 698 2211 lib.
710 2158 811 2224 sequitur
825 2160 890 2226 epist.
897 2176 924 2230 9,

53 2224 97 2275 lib.
110 2240 150 2275 xv.

817 2288 843 2349 C
856 2286 924 2353 OE}

55 2410 184 2460 exercitum
199 2411 297 2461 retinere
312 2410 384 2461 volet.
407 2410 449 2475 qui
462 2408 528 2461 enim
542 2409 623 2460 consul
642 2410 689 2462 esse
703 2414 774 2470 vult,
795 2406 924 2462 exercitum

55 2472 174 2530 dimittit,
191 2474 336 2538 privatusque
346 2474 428 2523 urbem
438 2474 573 2539 ingreditur.
606 2475 728 2540 Improbat
744 2476 782 2523 hic
798 2477 925 2538 Pompeius

56 2549 111 2583 eam
122 2537 214 2599 legem,
230 2552 281 2601 qurc
291 2551 317 2586 ut
327 2536 443 2595 ferretur,
459 2552 523 2586 auno
539 2537 650 2601 proximo
666 2536 745 2585 consul
762 2535 810 2601 ipse
824 2548 924 2602 operam

57 2596 169 2656 dederat,
180 2612 206 2648 ut
217 2596 318 2648 absentis
329 2597 424 2648 casatus
434 2601 459 2648 in
474 2601 590 2664 petitione
604 2598 734 2649 consulatus
748 2601 809 2648 ratio
825 2598 924 2649 habere-

58 2673 104 2712 tur.
119 2677 157 2727 ep.
164 2671 186 2725 6.
203 2660 243 2712 lib.
251 2678 287 2712 vr.
319 2666 438 2712 P.Momee.

424 2729 432 2760 a
659 2722 688 2737 ··
772 2727 777 2736 ·
848 2728 856 2760 a

59 2722 924 2862 ,reitaetltllllilgtntltzllnstlllmi‘llzm

59 2862 123 2900 anter
132 2848 192 2900 duos
204 2851 336 2901 consulatus
350 2850 433 2900 decem
448 2855 505 2903 anni
520 2854 730 2916 interponerentur.
752 2850 816 2914 quod
831 2866 846 2899 a
860 2852 925 2903 Sulla

59 2912 176 2963 dictatore
188 2914 218 2963 ad
233 2914 349 2963 Caesarem
363 2912 504 2964 distatorem
519 2912 635 2964 servatum
649 2912 700 2969 est,
721 2927 820 2980 excepto
841 2928 926 2973 anno,

59 2981 133 3034 ium,
149 2975 180 3029 ob
196 2974 320 3027 seditiones
334 2975 492 3035 domesticas,
512 2978 637 3043 Pompeius
655 2977 751 3026 tertium
769 2975 850 3026 consul
874 2974 925 3025 fine

60 3040 156 3105 collega
167 3053 255 3089 creatus
272 3039 312 3091 est.
344 3045 429 3105 Ergo,
445 3046 490 3088 Hoc
506 3058 579 3098 anno,
600 3042 756 3103 interpretor,
776 3056 824 3097 eo,
840 3042 881 3103 qui
896 3042 925 3090 be

61 3104 153 3168 imperii
164 3104 269 3160 Gallici,
286 3104 312 3154 δι
323 3102 375 3168 post
385 3102 644 3168 primnmconsulatum
656 3100 740 3152 Cesari
751 3102 854 3152 decimus
865 3115 923 3151 erate

95 3182 111 3215 o
121 3166 219 3231 quidem
228 3180 310 3223 anno,
326 3167 382 3231 quia
392 3164 481 3216 neceise
490 3180 553 3224 erat,
568 3180 594 3216 ut
609 3182 623 3214 e
640 3164 720 3214 Gallia
734 3165 854 3217 decederet
865 3181 925 3214 con·

59 3181 146 3295 ¹aelatus
157 3226 348 3293 petendicauffa,
362 3244 436 3293 quern
451 3228 580 3279 absentibus
595 3242 674 3293 petere
688 3244 738 3277 non
753 3229 853 3286 licebat3
869 3227 927 3277 ideo
952 3242 955 3247 ·

59 3305 178 3340 curaverat
190 3305 214 3341 at
233 3307 261 3341 ue
272 3288 392 3349 effecerat,
408 3305 434 3340 ut
443 3292 527 3342 decem
537 3293 623 3343 tribuni
633 3291 666 3356 pl.
677 3295 791 3358 Pompeio
804 3308 854 3342 111.
866 3294 927 3341 con·

59 3354 109 3404 sule
127 3357 206 3418 legem
215 3308 326 3411 lemene,
341 3368 367 3404 ut
385 3353 484 3404 absentis
505 3353 601 3405 casaris
616 3356 641 3404 in
657 3356 772 3427 petitione
792 3352 926 3405 consulatus

61 3418 123 3466 ratio
132 3416 262 3469 haberetur.
283 3430 354 3481 atque
370 3417 416 3467 hoc
433 3424 492 3467 Pom
509 3418 558 3479 ejus
572 3414 637 3483 ipse,
657 3432 751 3480 ignarus
767 3433 795 3467 ca
809 3418 863 3529 lefe
883 3415 926 3465 fibi

60 3482 189 3549 perniciem
206 3480 284 3538 strui,
304 3479 455 3535 vehementer
520 3481 587 3535 ravit.
602 3494 639 3547 ορ.
646 3490 668 3533 ⁶.
682 3481 723 3535 lib.
730 3485 826 3538 u1.&3-
843 3481 929 3531 ib.uu.

830 3618 867 3664 32·
903 3616 932 3663 κ’,
