2272 4020
321 39 332 71 ι’

203 176 255 258 78·
323 169 439 239 Ense..
458 183 511 233 m>
532 165 571 233 C.
593 148 804 247 cumbran,
825 182 871 233 ur
893 178 998 236 amos

456 367 723 416 EPISTOLA‘
748 368 813 417 VII.

233 496 322 548 ΑΚΘ.
356 498 408 541 Cam
422 492 471 554 effer
486 494 554 541 (icero
569 494 678 556 proconsul
692 493 720 549 in,
731 493 808 541 cilicio
823 521 833 551 ,
847 508 874 541 ox
887 494 922 542 M.
941 494 1004 542 eolio‘
1014 493 1061 543 oh’o

200 577 289 624 mque
301 560 398 612 littoris,
413 556 522 603 tribunum
535 559 566 619 pl.
584 557 712 619 designatam
722 559 882 619 opacorum
896 560 1061 622 cognovo'neiqn

200 629 239 671 hac
252 621 356 685 apostola,
376 618 508 666 tribunatum
523 621 555 681 pl.
566 628 618 683 jam
628 623 712 683 ingooffo
727 648 734 675 ,
747 621 869 682 gratulatus
880 619 915 681 est.
936 619 982 682 post
993 634 1061 683 gooroo

199 688 299 735 larionem
314 686 413 748 sequitur
426 683 558 740 cohortatio,
582 694 629 729 nom
650 687 702 746 reip.
718 695 765 743 tuna
786 685 852 730 otiam
864 686 966 731 amicitia
980 684 1052 730 debito

199 752 288 798 timebat
301 750 359 794 onim
375 747 441 792 cicero
458 778 465 801 ,
488 746 544 808 quod
558 749 648 803 evenit,
668 765 694 793 no
711 746 792 802 Curio,
807 759 891 794 moototo
900 748 1007 806 sententio
1022 778 1030 802 ‚
1044 761 1061 791 a

200 813 336 875 optimatibus
346 807 446 867 deficeret.
459 810 555 870 proponit
565 812 632 870 igitur
643 811 664 856 ei
676 821 791 871 tmporum
805 812 873 866 vim,
889 826 961 856 rorum
974 812 1061 856 varim

200 890 243 924 rom
255 908 262 932 ‚
279 877 365 921 incertos
375 872 445 917 coitus
455 903 463 926 ‚
474 871 579 930 flexibiles
589 874 698 919 hominum
707 872 826 919 volo'onrares
838 886 846 917 .·
858 873 953 932 suadem
969 888 994 918 no
1011 874 1061 932 cuju

182 932 185 938 ¹
200 938 309 997 confilium
334 947 442 999 equatur,
454 935 555 996 seipsum
564 935 655 990 audiat,
667 936 710 994 fibo*
719 935 844 998 obteinporor.
879 935 984 995 Postremo
998 947 1057 997 rogat

200 1000 288 1064 nequid
297 999 339 1057 fibi
352 997 449 1060 temporis
462 999 570 1059 prorogari
585 999 609 1044 in
624 998 739 1059 provincio
759 996 942 1057 administratorio
963 1000 1061 1062 patiatur

200 1068 264 1113 cerv.
277 1063 389 1123 aaaron,
404 1062 439 1107 oo.
452 1061 554 1106 aaaron
566 1061 615 1120 cop.
632 1064 672 1116 [a.
680 1065 708 1110 ν.
715 1063 745 1110 e.
763 1062 877 1119 necin]
892 1065 961 1110 nanc
976 1056 1061 1127 pacti

200 1125 229 1176 (it
240 1141 277 1190 ep.
290 1141 326 1174 10.
342 1121 394 1172 Lib.
400 1136 461 1170 v111.
480 1119 581 1187 sequitur
591 1137 672 1186 ep.32.
689 1121 797 1173 Libum.

244 1263 375 1324 mre.
400 1242 1020 1334 Proconsun‚c.cun1'ou1,

425 1338 649 1399 {cerauno
677 1340 741 1400 PL.
769 1340 845 1401 su.

198 1481 315 1592 SEnn
341 1477 482 1555 gratulatio
503 1479 664 1555 reprehendi
684 1498 744 1540 non
764 1479 854 1550 solet,
873 1480 1024 1558 praesertim
1051 1478 1061 1538 i

238 1557 310 1615 nuda
323 1556 487 1632 negligentia
520 1553 676 1616 raetermiffa
692 1558 736 1616 est.
755 1554 839 1634 longe
860 1560 936 1617 enim
956 1556 1052 1616 absum

200 1631 371 1692 audioaserb.
412 1632 464 1691 Sed
483 1575 531 1691 tihi
552 1635 581 1691 δε
601 1634 738 1710 grauior,
773 1636 827 1703 &‚
846 1646 877 1693 ut
896 1632 1061 1711 sempiterna

199 1709 274 1769 laudi
287 1708 336 1767 tibi
349 1709 381 1767 sn
394 1710 440 1767 iste
454 1709 619 1779 tribunatus,
639 1722 744 1786 exopto
758 1733 768 1778 ;
795 1722 879 1785 teque
899 1710 1021 1785 hortor,
1041 1728 1061 1769 u

203 1786 299 1845 omnia
327 1787 458 1861 gubernes
478 1786 508 1843 &
522 1785 667 1845 moderere
681 1785 824 1861 prudentia
837 1799 884 1846 tua
900 1809 909 1855 ;
929 1798 1009 1846 nete
1024 1804 1061 1845 au·

203 1862 294 1921 ferant
307 1863 424 1921 alionum
445 1861 563 1921 consuia.
602 1863 699 1920 Nemo
720 1862 774 1930 est,
794 1863 843 1939 qui
861 1863 911 1922 tibi
929 1860 1061 1938 sapientid

112 1943 115 1949 '
205 1937 316 1997 suadere
336 1940 416 2014 poffit
435 1939 544 2014 teipso:
564 1954 720 2015 numquam
739 1939 853 2008 labere,
874 1939 894 1997 fi
921 1939 1061 1999 reaudiea

205 2016 274 2074 Non
286 2014 371 2074 scribo
385 2017 441 2074 hoc
454 2028 575 2074 temere:
597 2017 641 2073 cui
655 2015 784 2084 scribam,
804 2016 903 2076 video:
924 2017 994 2074 novi
1015 2017 1061 2076 ani

58 2119 134 2158 enon
206 2110 311 2160 mum,
330 2093 398 2150 novi
415 2089 558 2148 consilium
579 2103 668 2149 tuum.
688 2097 762 2149 tnon
778 2109 895 2162 vereor,
914 2091 1021 2168 nequid
1040 2093 1061 2152 ti

56 2168 179 2220 enimMS·
206 2167 299 2235 mide,
320 2167 422 2242 nequid
435 2164 512 2223 stulte
533 2167 639 2235 facias,
664 2165 686 2226 fi
706 2184 738 2226 ea
759 2167 913 2239 defendes,
933 2186 998 2246 quae
1018 2167 1061 2245 ipd

207 2244 281 2302 reda
295 2239 348 2301 effe
362 2243 466 2302 senties.
504 2242 592 2318 Quod
612 2244 643 2302 in
661 2242 691 2302 id
709 2244 865 2320 reipublicae
885 2258 995 2321 tempus
1014 2263 1061 2305 nor

205 2317 347 2389 incideris,
366 2318 412 2378 sed
431 2319 538 2378 veneris
558 2319 679 2395 (judicio
693 2321 769 2378 enim
789 2332 864 2391 tuo,
883 2340 943 2381 non
963 2320 1026 2380 casu
1046 2322 1061 2381 ir

92 2389 116 2434 1’.
133 2386 159 2432 Β·
203 2396 291 2471 ipsum
305 2395 448 2456 discrimen
462 2413 553 2454 rerum
567 2395 703 2455 contulisti
714 2398 881 2457 tribunatum
894 2398 990 2474 tuum)
1010 2416 1062 2475 pro

203 2471 281 2531 fehb
309 2472 408 2542 vides,
441 2485 542 2549 quanta
562 2473 602 2530 vis
629 2474 659 2531 in
679 2473 815 2548 republica
835 2486 996 2551 temporum
1024 2473 1057 2533 fit

224 2562 305 2607 uanta
332 2551 445 2609 varietas
472 2567 563 2607 rerum
586 2593 594 2618 ,
627 2547 713 2625 quim
733 2550 837 2609 inceni
856 2553 967 2622 exims,
986 2549 1061 2628 quin

9 2684 12 2689 ,
204 2567 333 2684 flexibiles
346 2627 501 2685 hominum
523 2625 699 2685 voluntates:
719 2626 786 2702 quid
806 2626 988 2699 infimarum,
1007 2629 1061 2704 quio

57 2728 74 2761 v
89 2711 181 2757 arriva-
205 2703 352 2759 vvanitatis
371 2705 400 2762 in
420 2703 523 2772 xvir-o,
549 2720 616 2763 non.
629 2702 749 2773 dubim,
776 2703 843 2779 quin
870 2722 905 2762 co
927 2706 982 2764 'ten
1022 2704 1061 2763 Sea

56 2772 153 2824 tietatss·
207 2778 307 2836 amabo
320 2788 366 2847 te,
386 2796 467 2848 cura,
487 2780 518 2837 &
531 2779 621 2854 cogita
634 2778 702 2837 nihil
715 2780 808 2848 novi,
827 2778 873 2837 sed
896 2782 900 2790 '
922 2780 960 2840 ud
974 2780 1051 2841 idem

57 2900 148 3009 Ἥῐ
205 2930 311 3007 ὼιιω;
331 2941 360 2986 te
374 2930 452 2988 auu:
472 2931 521 2988 tm
535 2932 702 3005 obtempera.
721 2931 818 2989 raheri
832 2933 880 3007 qui
900 2933 998 2991 merus
1012 2933 1061 2991 aaa

56 2978 127 3074 ΞΜ,
134 3028 198 3073 cm.
208 3004 352 3066 confilium
365 3005 461 3080 poffit‚
480 3004 566 3082 qubm
579 3018 627 3074 tu,
647 3024 705 3064 non
726 3004 805 3064 facild
825 3008 944 3068 inveniri
963 3008 1053 3083 po'test

204 3082 254 3141 tibi
267 3080 336 3140 verb
350 3081 398 3157 ipfi
411 3080 485 3140 certe
498 3099 584 3140 nemo
598 3082 695 3141 melius
709 3081 789 3141 dabit.
827 3084 876 3142 Dii
888 3085 1059 3144 immortales

56 3191 73 3226 2
88 3174 169 3224 absum
209 3176 256 3216 cur
270 3175 324 3232 ego
338 3169 415 3217 ²non
429 3157 540 3227 adsum,
559 3157 604 3216 vel
616 3157 751 3233 sperator
763 3158 876 3218 laudum
890 3174 1019 3231 tuarum,
1033 3178 1061 3220 rr

55 3235 364 3350 meermpaniceps,
383 3234 428 3292 vel
447 3232 534 3292 socius
550 3276 559 3303 ‚
585 3234 630 3292 vel
644 3235 783 3293 aminister
803 3235 1002 3296 consiliorum?
1019 3238 1061 3314 jar

57 3317 73 3350 ²
92 3302 201 3367 magister
230 3309 277 3367 etfi
291 3310 346 3368 hoc
361 3308 477 3369 minimi
490 3311 538 3369 tibi
553 3310 643 3378 deest,
663 3310 709 3368 sed
722 3323 817 3370 tamen
838 3313 957 3372 efficeret
972 3314 1061 3391 magni

57 3367 132 3474 fidis..
166 3438 173 3453 ,
207 3384 301 3454 tud0‚
327 3385 367 3444 vis
387 3387 488 3445 amoris
508 3387 588 3455 mei,
607 3386 722 3445 consilio
742 3398 771 3445 te
792 3400 823 3446 ut
842 3387 948 3465 poffem
972 3392 1061 3466 juvar«

58 3448 160 3544 „m'e‘ffi‘
208 3462 330 3522 Scribam
343 3459 378 3521 ad
390 3473 419 3521 te
432 3463 507 3539 plura
520 3460 592 3525 abas.
610 3462 703 3540 paucis
716 3463 793 3527 euim
807 3463 900 3527 diebu
920 3470 997 3527 eram
1019 3466 1061 3525 mi

1008 3542 1061 3603 sun

58 2853 75 2886 ²
90 2837 139 2884 vita
148 2829 177 2880 fit
207 2852 285 2987 pund
296 2853 376 2912 initio
389 2854 492 2929 scripsi:
512 2867 608 2912 tecum
620 2854 735 2930 loquere
741 2877 751 2922 ;
767 2856 797 2914 &
810 2867 839 2914 te
852 2854 950 2915 adhibe
963 2857 993 2915 in
1008 2874 1061 2927 con
