2272 4020
94 153 669 221 Liarnsrcrrunus.
792 171 831 241 73

28 272 92 351 r‘psa
105 273 171 345 est',
198 285 228 334 ut
248 275 376 335 certiores
397 275 549 334 faceremus
570 277 705 347 absentes,
725 277 744 336 fi
762 278 854 355 quida
870 281 944 333 estrei

28 363 49 420 t,
63 349 144 428 quod
158 369 206 410 eos
219 351 302 422 scire,
316 364 363 409 aut
375 351 481 420 nostra,
495 365 541 410 aut
554 353 673 426 ipsorum
687 352 829 413 interesset.
842 345 890 409 rpsa
899 350 954 396 MS·

29 444 58 487 us
83 429 192 503 generis
217 428 317 487 litteras
344 426 360 485 i
389 446 436 485 me
463 427 590 503 proferro
618 448 677 488 non
697 433 856 507 ¹expetis.x
871 433 965 480 aaru-

28 504 132 562 barum
148 507 225 563 enirn
240 523 330 562 rerum
345 502 556 563 domesticarum
570 505 651 563 habes
673 508 702 564 &
721 507 832 582 scripto·
841 494 927 558 penas.

35 580 72 645 ’ὃς
98 581 220 640 nuntior.
265 582 299 640 In
318 582 388 638 meis
407 593 502 639 autem
528 581 605 638 rebus
627 582 694 639 nihil
713 582 749 640 cst
769 583 831 642 sane

28 657 45 715 i.
81 656 199 733 Reliqua
218 657 279 716 sunt
300 657 471 733 epistolarum
491 674 589 732 genera
609 658 682 727 duo,
702 676 765 734 quae
786 678 834 719 me

28 733 295 807 moperesdelesiant
318 755 325 791 ι
361 751 449 791 unum
469 734 601 792 familiare
628 735 802 810 &jocosum
821 759 831 803 ;

28 824 84 868 rum
105 809 234 869 sevemm
268 812 298 868 ὃ(
318 827 407 885 grave.
459 811 532 869 Utro
560 827 607 866 me
628 811 717 869 minus
738 811 834 870 deceat

28 902 103 943 ,non
114 886 247 963 intelligo.
286 887 402 959 Jocemre
421 898 515 944 tecum
536 904 584 960 per
597 885 722 945 litteras?
743 889 834 946 civem

28 961 127 1020 nercule
139 980 200 1021 non
213 976 282 1039 puro
291 960 353 1031 esse,
361 962 409 1038 qui
421 963 588 1038 temporibus
601 964 641 1022 his
654 965 741 1022 ridere
748 965 835 1039 possit.
878 987 901 1034 1².
917 988 944 1035 13.

35 1037 138 1113 parius
152 1039 255 1114 ahquid
268 1036 407 1097 scribam?
427 1038 560 1114 quidest,
580 1041 656 1115 quod
677 1040 756 1115 possit
775 1059 836 1116 gra-

28 1112 72 1171 rl
86 1115 226 1174 Cicerone
239 1116 315 1174 scribi
327 1115 362 1172 ad
376 1114 547 1185 Curionem,
566 1115 615 1172 nisr
629 1116 663 1174 de
677 1117 835 1192 republica?

28 1200 85 1266 tque
100 1201 130 1244 ²³
139 1193 169 1250 in
182 1192 237 1250 hoc
251 1208 352 1267 genere
364 1190 425 1248 haec
447 1209 510 1248 mea
530 1190 679 1261 causaest,
698 1205 729 1250 ut
742 1212 833 1270 neque
841 1217 856 1264 y
872 1204 915 1249 alii
1014 1195 1018 1201 '

28 1279 205 1342 ‚quaessnon
225 1268 335 1337 sentio,
355 1267 439 1324 velim
460 1267 579 1325 scribere.
618 1269 808 1342 Quamobrem
825 1267 922 1341 ‚Atqui

28 1343 106 1401 miam
133 1345 203 1402 mihi
222 1346 326 1402 nullum
346 1343 477 1401 scribendi
497 1357 688 1418 argumentum
710 1344 855 1404 renerum²
870 1330 910 1374 ‘³²¹¹
932 1340 984 1394 ‘1¹¹²

45 1431 106 1478 utar
121 1437 153 1477 ea
167 1421 297 1489 clausula,
311 1438 364 1496 qua
378 1419 470 1488 soleo,
489 1431 571 1495 teque
585 1421 619 1478 ad
632 1421 749 1478 studium
764 1404 911 1480 snm-”⁰¹¹⁰

28 1496 134 1554 :laudis
153 1497 326 1554 cohortabor.
364 1495 409 1552 Est
423 1498 499 1553 enim
518 1497 567 1554 tibi
586 1498 671 1571 gravis
692 1498 838 1557 adversaria

28 1572 120 1630 siituta
139 1574 170 1631 &
189 1586 279 1648 parata
298 1616 305 1640 ‚
325 1571 485 1630 incredibilis
526 1573 634 1630 uaedam
656 1574 835 1647 exspectatio:

28 1667 57 1706 m
71 1660 104 1706 tu
118 1664 173 1706 una
187 1669 216 1706 re
230 1648 357 1707 facillime
372 1650 463 1706 vinces
480 1691 488 1718 ,
506 1590 595 1705 sthoc
608 1649 726 1705 statueris
742 1693 750 1718 ‚
788 1669 836 1708 na-

28 1723 164 1783 rlaudum
177 1727 292 1801 gloriam
307 1724 455 1782 ²adamaris
469 1749 477 1793 ;
518 1724 593 1781 uibus
613 1725 710 1781 artibus
725 1668 836 1784 casleu·
845 1737 862 1796 ἢ,
884 1720 986 1775 admira·

44 1814 260 1876 comparantur,
293 1801 323 1859 in
349 1801 380 1858 iis
404 1797 456 1858 effe
483 1743 668 1858 liborandum.
708 1801 740 1857 ln
766 1801 883 1859 hancne
900 1789 954 1839 MS.

28 1878 136 1936 mutiam
157 1878 300 1937 scriberem
321 1878 419 1952 plura,
437 1875 487 1934 nisr
506 1888 534 1933 te
553 1888 600 1932 tua
618 1877 713 1951 sponte
727 1876 785 1934 satis
799 1879 841 1942 in-

28 1966 90 2013 rtum
104 1951 158 2012 effe
173 1953 357 2013 confiderem:
379 1955 408 2010 &
420 1952 494 2020 hoc,
532 1951 645 2026 uidquid
666 1952 764 2026 attigi,
783 1971 842 2017 non

28 2029 52 2167 {e
51 2029 240 2093 inflammandi
252 2030 292 2091 tui
306 2028 383 2091 causa
397 2071 406 2097 ,
425 2027 470 2089 sed
488 2039 516 2089 te
541 2026 646 2090 'ficandi
665 2028 765 2089 amoris
779 2030 844 2094 mei.

251 2263 509 2311 EPISTOLA
540 2263 568 2308 V.

28 2390 100 2438 KRG.
132 2393 208 2456 remp.
229 2388 344 2448 domesticis
365 2388 430 2433 maiis
443 2386 535 2433 laborare
546 2385 672 2448 fignificat:
696 2389 783 2433 Curioni
792 2400 844 2449 grav

28 2463 67 2498 arra
151 2451 220 2510 obstr,
241 2455 277 2498 vel
292 2457 345 2514 quia
360 2452 434 2496 civiles
448 2450 546 2510 miserias
560 2467 599 2495 non
621 2451 713 2504 videar,
734 2453 770 2494 ael
788 2449 845 2512 quod

31 2513 57 2571 fit
73 2572 76 2577 .
97 2518 106 2560 i
118 2530 215 2576 magnam
229 2532 255 2560 rx
269 2516 320 2561 resse
331 2514 399 2573 saliis
414 2513 498 2557 laudem
513 2512 652 2576 consequatur.
686 2511 788 2570 Postremo
798 2516 847 2558 hor·

28 2592 47 2622 rr
59 2592 103 2622 mm
117 2579 146 2623 ad
155 2579 310 2639 suscipiendam
330 2588 392 2635 remp.
413 2577 457 2634 ejus
473 2580 566 2621 maxime
585 2576 699 2636 patrocinio
712 2575 844 2628 indirentem.

28 2642 94 2690 ΜΞ.
111 2643 200 2699 Dea]
211 2644 279 2689 Hanc
290 2636 398 2704 precessit
409 2637 517 2701 proxime
527 2634 639 2700 superior,
656 2636 755 2699 sequitur
765 2649 801 2699 ep.
810 2651 845 2693 η.

28 2716 71 2752 Η.

137 2843 268 2903 M.T.C.
288 2843 321 2901 C.
342 2839 552 2899 CURIONI
581 2839 686 2899 S.P.D.

28 2980 105 3094 sAEc
132 2983 244 3058 negotia
271 2980 437 3059 bquomodo
465 2979 492 3038 se
518 2979 658 3049 habeant,
677 2994 713 3037 ne
733 2965 866 3053 epistolab
887 2978 990 3030 quomo-

58 3059 165 3136 quidem
180 3076 285 3118 narrare
299 3058 396 3122 audeo.
415 3049 481 3127 tibi,¹
500 3055 548 3115 etsr
568 3057 734 3131 Ubicumque
755 3072 783 3188 {S
800 3029 977 3190 puffgunque

770 3147 825 3206 crrp
1002 3184 1009 3191 .

32 3301 59 3337 u,
71 3292 165 3337 suarum
173 3292 230 3336 enim
241 3306 312 3338 rerum
321 3285 479 3347 domesticarum
491 3286 550 3330 babes
559 3285 688 3357 scriptorem]
718 3279 847 3338 Domesticos

28 3344 110 3401 hand
128 3354 171 3400 uus
181 3352 253 3411 liber,
268 3367 310 3417 pro
321 3351 498 3411 domesticarum:
516 3350 541 3395 br
558 3361 591 3394 rra
607 3345 693 3409 opinor
706 3358 735 3391 ex
751 3344 805 3392 loco
815 3343 845 3390 fi-

28 3410 112 3479 illlegen
145 3412 234 3465 messe.
266 3416 364 3473 Urfinus.
798 3467 803 3476 ι

29 3491 57 3537 2³.
71 3485 94 3531 Ia
104 3483 140 3533 ior
149 3485 244 3545 genera]
273 3483 303 3534 ln
316 3477 364 3531 boc
376 3476 473 3590 defirep,
487 3484 627 3539 argumento
641 3469 760 3536 eleganter
775 3470 848 3577 ⁰¹⁶ss
