2272 4020
233 160 293 209 202
313 136 428 205 Etrsr.
441 152 492 200 ao
513 135 593 201 Sua.
608 132 818 211 Surrrcrun,
838 150 882 197 nr
905 136 1063 205 cernuos

112 272 156 319 alii
168 272 205 321 a.
229 250 291 318 ille,
311 249 351 308 uti
365 246 469 322 ajebat,
489 243 518 285 ⁸⁶
524 245 601 320 supra
614 244 702 319 MaJ'as
721 242 770 301 vin
784 240 890 301 Italiam
910 243 1002 301 versus
1022 251 1102 305 navi.¹

131 335 158 385 in
228 337 337 403 gaturus
351 336 415 384 erat.
453 320 582 384 Postridie
595 320 653 396 ejus
667 319 745 390 diei,
764 317 829 378 cum
849 319 883 378 ab
895 318 1101 461 Athenisfipirpi

190 586 192 594 ·
261 571 299 614 aa.
315 566 387 628 Supra
395 564 470 624 Major
480 562 570 610 Italion
580 560 673 621 versu}
686 564 764 611 Locus
774 558 813 607 hic
822 556 912 625 semper
926 574 1049 628 corruptus
1063 560 1097 612 eo

228 625 338 685 habitus,
354 626 470 691 multique
480 626 560 675 multis
571 623 650 675 modis
659 638 715 674 eum
726 626 840 689 corrigere
850 624 948 689 aggressi
964 623 1017 675 lirnr
1028 643 1035 675 r
1050 640 1096 675 nos

228 702 353 754 tantopere
362 692 388 739 in
399 690 442 738 hac
453 704 478 737 re
488 687 551 737 dubii
564 689 656 743 sumus,
672 700 697 735 ut
710 687 770 735 nihil
782 684 876 735 asserere
891 687 1019 737 audeamus
1034 724 1042 747 ,
1057 688 1096 737 fa·

226 753 338 816 ciliusque
349 788 356 810 ,
373 751 507 816 quidnobis
518 768 568 799 non
579 752 684 815 placcat,
701 765 774 814 quam
784 749 842 814 quid
852 749 978 815 probemus
987 766 1094 816 pronun-

225 817 284 863 tiare
295 815 414 880 possimus.
449 820 476 861 ln
486 827 553 862 tanta
569 828 648 862 autem
664 813 816 870 ubscuritate,
833 816 857 861 δι
874 815 923 861 veri
933 815 1094 879 ignoratione,

226 878 348 943 vulgatam
359 880 488 927 leuiorem
498 880 615 933 retinete,
632 879 703 925 tutius
713 876 781 925 nobis
798 874 878 926 visun·
886 876 939 933 cst,
977 884 1035 927 atam
1048 894 1096 929 uo-

226 955 283 989 vam
293 944 411 1006 aliquam,
419 944 444 989 δι
458 954 603 1004 comparum
613 939 847 1005 fiunarnmep'onere,
864 945 893 988 In
905 954 922 987 o
1007 958 1018 989 s
1029 944 1093 992 enim

225 1002 386 1069 manuscriptis
395 1004 461 1053 nulla
472 1006 583 1051 varietate
592 1008 663 1065 Supra
673 1006 748 1063 lldoior
758 1004 868 1067 scriptum
881 1001 928 1053 effe
944 1005 1093 1055 aninmdver·

225 1068 303 1117 tirnus.
326 1066 392 1131 quod
408 1068 514 1131 quamvis
531 1082 582 1115 non
598 1065 723 1130 probemus
745 1065 820 1129 (quid
834 1068 900 1115 enim
915 1064 1049 1130 significent
1065 1081 1092 1117 ot

226 1128 311 1187 verba,
325 1145 375 1178 non
386 1128 550 1195 intelligimus.)
563 1143 644 1178 tamen
655 1128 698 1177 nist
709 1131 825 1177 veriorem
841 1128 977 1194 scripturam
988 1132 1092 1181 tellinae*

225 1207 317 1249 xcmus,
333 1208 372 1241 cur
381 1205 541 1248 mutaremus,
558 1194 624 1243 causa
634 1208 684 1241 non
693 1191 745 1241 suit.
768 1193 887 1241 Nonnulli
898 1208 971 1258 nuper
981 1195 1016 1245 ita
1026 1193 1090 1243 casti-

244 1255 351 1303 ationem
358 1256 428 1305 illam
437 1256 600 1319 pervulgatam
610 1259 681 1317 Supra
690 1258 775 1301 Maleas
785 1268 936 1313 amaverunt,
952 1269 979 1304 ut
994 1260 1028 1306 ira
1037 1256 1090 1307 scri·

226 1270 281 1367 berc
291 1320 317 1367 in
327 1316 404 1375 libris,
420 1334 481 1382 quos
491 1318 575 1369 fonnis
585 1317 726 1367 excuderunt
737 1352 744 1374 ‚
760 1333 811 1365 non
822 1316 950 1367 dubitarint
962 1336 969 1366 :
990 1336 1034 1369 nec
1048 1335 1090 1370 eoa

224 1378 478 1445 sanereprehcudimus
491 1417 499 1439 ‚
513 1382 621 1446 quamvis
630 1381 778 1433 imitarinon
786 1379 865 1431 simus.
899 1382 1016 1433 Audimus
1025 1386 1091 1435 mun

226 1443 303 1491 doun
319 1446 373 1492 viris
388 1445 450 1494 hanc
464 1444 656 1503 emendationem
671 1441 740 1493 valde
760 1442 871 1506 probari:
887 1444 913 1493 in
929 1444 998 1495 causa
1010 1462 1090 1498 atatem

226 1505 288 1561 fut,
305 1505 372 1571 quod
380 1506 491 1573 singulari
499 1509 577 1572 potius
587 1520 687 1554 numero
701 1505 909 1555 animadvertimus
924 1510 1006 1558 locum
1021 1510 1090 1561 illum

225 1569 351 1633 appellati,
383 1572 604 1634 romontoriumque
613 1571 689 1617 aazia
699 1569 746 1620 dici
756 1604 763 1627 ‚
780 1573 805 1619 δι
815 1584 829 1617 a
842 1572 929 1619 Grecis
939 1606 949 1629 ,
963 1575 990 1622 dc
1000 1587 1017 1620 a
1026 1576 1091 1623 Lati·

225 1634 263 1680 nis
274 1585 413 1683 auuorisus.
447 1635 721 1698 Navigationemautem
730 1628 798 1681 fiisse
811 1635 949 1698 quampiam
969 1634 1041 1685 valde
1055 1652 1091 1686 ce·

225 1692 328 1751 lebrem,
344 1712 418 1761 quarn
432 1697 487 1751 init
498 1698 592 1747 Mulier
603 1695 767 1759 appellabant,
784 1696 859 1760 plures
868 1697 1089 1749 austorertradrtnte

225 1755 259 1807 sic
268 1772 348 1807 atatem
364 1760 418 1824 (nist
428 1756 511 1821 fallor)
527 1772 582 1807 eam
591 1757 721 1815 vocabant,
736 1760 793 1822 quia
807 1757 824 1805 st
839 1774 853 1809 e
867 1761 971 1817 Piraeo,
986 1764 1089 1828 exempli

225 1820 293 1869 causa
304 1857 311 1878 ,
323 1822 348 1869 in
358 1825 454 1872 Italiam
464 1819 624 1887 navigandum
634 1834 694 1877 erat,
712 1821 759 1870 duo
769 1834 834 1869 erant
844 1819 933 1880 cursus,
948 1840 1009 1873 unus
1020 1842 1089 1891 quem

224 1882 280 1945 ὑπὲρ
302 1882 527 1942 Maniardieebant‚
543 1883 698 1947 quianccesse
708 1884 763 1934 ellet
773 1883 798 1933 id
814 1888 1008 1947 promontorium
1027 1892 1091 1939 navi·

127 1979 134 1991 ,
226 1944 269 1995 bus
282 1945 401 2011 superare,
417 1949 458 2011 qui
468 1959 516 1995 erat
529 1944 582 1995 sane
591 1946 701 2004 brevior,
717 1947 756 1997 scd
772 1949 873 2011 pericula
889 1948 999 2012 quadam
1016 1952 1090 2001 eonti-

226 2008 297 2057 nebat
312 2024 406 2075 propter
416 2007 531 2122 mpppllias
541 2010 602 2058 illas.
636 2016 703 2059 Tunc
713 2012 778 2059 enim
788 2010 872 2059 dicitur
889 2013 943 2075 quis
959 2011 1027 2079 supra
1035 2030 1091 2080 pro-

225 2074 374 2121 montorium
383 2086 435 2121 ttan
472 2074 555 2128 rcere,
572 2087 646 2135 quum
661 2089 712 2123 non
730 2075 889 2139 longinquum
906 2072 936 2122 ab
955 2091 987 2125 eo
1002 2076 1091 2129 cursum

226 2147 311 2190 tenet,
326 2132 366 2182 sed
380 2150 454 2200 prope
467 2132 526 2182 illud
541 2138 655 2201 navigat:
673 2138 740 2186 Alter
756 2150 853 2193 autem,
869 2152 924 2185 curn
938 2152 981 2201 per
998 2142 1092 2213 pelagus

226 2198 311 2259 aliquis
320 2197 431 2261 navigat,
447 2201 473 2246 δι
483 2196 588 2261 longese
599 2213 704 2249 removet
716 2214 730 2247 a
746 2211 813 2248 terra.
847 2204 903 2248 Sunt
919 2214 1000 2250 autern
1014 2206 1091 2255 insula

226 2258 335 2323 quadam
345 2275 359 2307 e
369 2263 467 2323 regione
477 2262 562 2309 Malea
572 2263 730 2326 promontorii
741 2277 790 2309 non
800 2261 870 2311 valde
879 2261 908 2312 ab
918 2278 950 2311 eo
965 2264 1092 2327 distanter,

227 2322 289 2370 iuter
300 2336 359 2432 ppos
368 2325 393 2371 δι
403 2326 607 2387 promontorium,
623 2327 665 2390 qui
678 2321 824 2381 transibant,
841 2325 894 2383 tan
909 2330 1010 2377 Maniae
1026 2334 1090 2381 navi·

227 2399 284 2449 gare
318 2383 453 2435 rebantur:
470 2403 542 2451 quem
561 2387 651 2437 cursum
666 2384 762 2436 sortass'e
777 2389 904 2437 Marcellus
917 2400 999 2439 tenete
1015 2394 1042 2441 in
1055 2394 1092 2445 sua

226 2449 380 2513 navigatione
394 2450 550 2501 constituerat.
567 2452 625 2500 Plut.
642 2454 667 2500 in
682 2455 757 2499 Arato
773 2450 842 2499 valde
856 2451 916 2499 hanc
936 2468 989 2503 rem
1005 2459 1091 2520 aperit:

226 2510 328 2573 ’Ausigda
344 2514 388 2571 μὲν
403 2512 426 2561 ἐν
442 2515 486 2564 dno*
504 2513 612 2565 Mtrdvur
627 2513 681 2571 ὑπὲρ
700 2514 799 2566 Μαλέας
818 2514 846 2566 ὥς
862 2516 898 2577 τῷ
914 2516 955 2563 aa
975 2520 1019 2565 ‘rod
1042 2522 1091 2579 nipe

224 2576 299 2633 dpo‘urp
312 2576 457 2638 praecipato&
470 2579 518 2639 πρὶς
534 2577 560 2625 di
571 2579 637 2638 papa
648 2576 756 2631 πνεῦμα,
772 2575 811 2626 nal
827 2579 907 2625 nonaria
920 2577 1053 2633 aarum
1067 2585 1091 2633 ir

223 2636 329 2697 marsyae
349 2640 462 2687 κατιέσαν
485 2640 575 2691 intutior
597 2638 637 2688 tad
659 2639 777 2699 eviratior
802 2640 1007 2697 ratrammo&
1029 2648 1092 2703 prim

223 2698 301 2761 idaeo
316 2700 357 2753 eir
373 2699 451 2756 elapsa<
469 2700 583 2757 πελεμίκς
598 2704 657 2751 ἔσκε,
689 2706 798 2751 Ptaeterea
809 2702 895 2751 Plinius
910 2702 991 2759 iunior
1009 2708 1035 2755 in
1045 2710 1091 2774 epi-

224 2760 285 2809 slola
295 2761 326 2809 ad
336 2765 464 2823 Traianum
474 2763 505 2813 src
516 2764 546 2815 de
561 2779 588 2813 ta
599 2766 752 2827 navigatione
766 2765 871 2827 loquitur
880 2772 988 2820 ,¹Nontio
1004 2773 1049 2819 rior·
1061 2788 1091 2820 m

224 2825 328 2887 Eplrtffim
341 2843 389 2871 cum
401 2828 494 2875 omnibus
504 2831 557 2875 meis
566 2828 621 2874 tinio
635 2830 734 2877 Maniae
749 2828 873 2887 navigasse,
889 2835 995 2892 quamvis
1011 2850 1090 2883 contro·

223 2890 265 2933 riis
279 2893 350 2935 ventis
364 2902 460 2940 retentos.
494 2890 628 2939 Avunculus
639 2891 698 2939 item
707 2892 756 2951 ejus
767 2892 793 2938 in
810 2890 908 2939 historia
924 2898 1041 2945 naturalis
1052 2896 1089 2947 lib.

224 2965 261 3000 rv.
277 2966 327 3015 cap.
337 2966 371 3011 14.
389 2952 450 3001 banc
463 2953 564 3003 eandem
574 2968 624 3001 rem
635 2952 726 3001 videtur
742 2956 838 3002 innuere
852 2952 882 3000 dc
896 2955 972 3005 insula
989 2960 1090 3023 Cythera

223 3012 339 3079 loquens:
356 3018 404 3062 Hac
417 3018 462 3075 fita
476 3016 504 3076 cst
519 3034 533 3063 o
552 3018 628 3063 Malta
639 3020 781 3078 promuntorio
798 3051 805 3073 ‚
831 3032 853 3067 v.
869 3019 920 3067 mil.
933 3022 988 3079 paffl
1005 3026 1090 3083 ancipiti

220 3088 304 3140 propter
313 3078 419 3140 angustias
430 3081 461 3126 ibi
470 3084 562 3126 noot'um
576 3080 665 3128 ambitu,
698 3084 761 3127 Cum
772 3092 851 3127 :tutem
862 3081 943 3129 Latini
959 3085 1037 3135 ctiam
1051 3086 1089 3135 lvo·

225 3142 303 3189 nunes
313 3142 398 3190 Gratis
409 3141 484 3189 verbis
495 3142 556 3191 hanc
566 3142 743 3207 navigationem
755 3145 871 3205 appellare
881 3140 928 3191 srnt
940 3142 1021 3205 soliti,
1048 3144 1088 3197 uos

226 3202 364 3252 testimonio
383 3204 452 3253 Plinii
466 3207 491 3253 in
510 3204 614 3271 epistolis
635 3205 762 3269 probatur,
789 3204 894 3279 suspicari
913 3204 992 3270 pollet
1012 3164 1088 3277 usquo

226 3267 299 3314 etiam
310 3266 435 3330 Sulpicium
451 3268 505 3316 ὑπὲρ
527 3274 621 3319 moriar
634 3265 759 3332 scripsisse,
775 3266 863 3317 sedum
880 3270 952 3317 tritos
968 3272 1052 3335 postea
1064 3274 1088 3323 li·

227 3324 316 3383 brarios
326 3328 406 3377 locum
416 3329 566 3394 depravasse,
583 3346 637 3380 cum
653 3334 679 3379 in
694 3332 725 3379 ali
744 3347 775 3379 uo
790 3332 839 3380 fort
873 3338 1087 3403 cexemplaripra·
1128 3331 1132 3351 ¹

227 3387 372 3503 pastionem
382 3395 451 3441 illam
459 3397 545 3444 Latina
554 3410 625 3451 voce,
643 3408 716 3457 quam
725 3348 855 3458 sbgnificat,
869 3393 1020 3449 declaratam
1031 3392 1086 3465 legis
1124 3392 1132 3423 ²

238 3466 293 3511 ent,
307 3453 370 3505 unde
379 3456 461 3521 postea
470 3457 585 3511 creditum
595 3457 624 3509 fit
640 3460 726 3509 Maleas
741 3473 842 3512 numeru
855 3458 1019 3515 multitudiuis
1033 3472 1089 3575 Ἦ
1120 3440 1132 3553 ἔ

63 3485 179 3685 *a
