2272 4020
235 124 312 223 Ισι)
415 155 671 224 Ενιετ.ω
699 151 995 233 Lnurnrnrt

117 280 246 393 'parisina
268 272 312 333 sos
323 275 534 335 rarbitrarentur
548 273 663 351 (etenim
676 271 706 331 id
724 271 779 329 feci
798 267 880 346 parcb
899 271 928 329 δι
942 264 1068 348 molliter-„¹

135 359 210 395 anun.
268 367 334 419 eos,
353 370 423 429 quos
437 365 493 411 erat
505 351 642 411 infinitum
656 350 727 407 bene
741 347 837 419 deme
850 349 964 406 meritos
977 364 1068 407 omner

119 409 205 457 ΕΜ·
266 427 380 487 minare.
419 432 499 505 Quos
512 441 607 487 tamen
619 424 689 502 ipsos
700 424 805 494 libros,
823 422 845 481 fi
864 441 975 499 quem,
995 425 1042 483 cui
1060 443 1068 483 r

264 506 458 575 committam,
477 508 628 572 invenero,
648 501 749 560 curabo
762 500 797 559 ad
810 511 838 559 te
857 500 1043 576 perferendos.

263 595 319 655 que
332 580 409 639 istam
423 582 536 659 quidem
548 593 655 657 partem
673 579 739 638 vitae
758 572 1014 653 consuetidrnisque
1032 596 1068 636 nc

263 664 352 715 totam
366 657 400 717 ad
413 671 441 717 te
455 658 559 717 defero.
599 660 744 733 Quantum
757 653 866 723 litteris,
885 650 914 707 83
941 665 1058 713 uantum

98 796 103 806 ,
130 746 154 795 ι’.
167 746 237 792 xvir
265 729 331 803 diis,
350 735 484 795 veteribus
503 734 597 793 nostris
618 730 864 799 delectationibus,
884 747 919 788 co
936 731 1016 806 ¹equi
1030 748 1068 806 po

113 806 240 882 qapbitrip
265 824 343 880 mus,
362 811 391 869 id
412 829 497 869 omne
518 811 574 869 rad
593 809 731 886 arbitrium
752 818 856 875 tuum,
876 807 924 883 qui
937 807 1005 921 'phare
1025 807 1068 865 sen

114 880 164 923 ω
171 870 372 956 ⁶⁸²¹‘¹·amasti,
391 887 562 946 libentissime
582 887 765 944 conferemus.
805 886 880 959 Quae
900 882 1002 945 adnue
1023 882 1058 941 de

262 962 339 1020 rebus
366 962 519 1021 domesticis
540 962 656 1031 scribis,
690 977 810 1038 quaeque
836 958 905 1018 milri
931 948 1068 1019 clnnmen·

262 1033 329 1095 84ea
341 1049 425 1101 tantae
447 1040 515 1097 mihi
537 1056 610 1097 curae
630 1037 715 1106 sunt,
740 1048 772 1095 ut
791 1054 838 1094 rne
858 1035 946 1094 nolim
966 1035 1068 1095 admon

109 1134 124 1170 r
136 1122 230 1196 poffirn
261 1116 350 1188 rogan¹
362 1114 430 1173 verb
444 1116 500 1174 srne
514 1132 616 1190 magno
630 1114 726 1174 dolore
746 1113 794 1171 vix
813 1108 946 1198 rpoffurn.
985 1110 1068 1190 Qubd

111 1185 162 1234 alu.
217 1211 220 1216 ·
261 1191 360 1261 Quinti
379 1193 464 1250 fratris
483 1193 599 1267 negotio
618 1190 730 1264 scribis,
750 1201 778 1246 te
798 1207 890 1264 priore
915 1187 1029 1260 aestate,
1049 1207 1068 1264 q

259 1267 360 1323 morbo
373 1268 410 1325 irn
433 1267 518 1327 editus
538 1269 567 1326 in
588 1267 714 1325 Ciliciam
734 1284 793 1323 non
815 1264 968 1336 transteris,
989 1263 1068 1324 confi«

257 1357 318 1403 non
330 1287 469 1418 potuilie3
489 1362 563 1403 nunc
584 1356 678 1402 autem
699 1343 794 1400 ornnia
814 1341 950 1399 stitutum
966 1386 975 1411 ,
994 1355 1025 1400 ut
1039 1360 1068 1400 cc

257 1417 327 1475 cias:
347 1419 375 1477 id
388 1420 454 1477 scito
469 1418 521 1478 elle
535 1418 684 1495 ejusmodi,
704 1430 736 1477 ut
756 1419 837 1475 frater
857 1436 935 1477 meus
957 1417 1023 1479 vere
1038 1436 1068 1477 er

256 1506 333 1561 met,
352 1495 482 1570 adjuncto
495 1496 545 1556 isto
568 1495 679 1565 fundo,
697 1494 895 1570 patrimonium
910 1495 970 1553 fore
984 1494 1064 1553 suum

256 1578 286 1632 te
300 1570 484 1631 constitutum.
522 1572 571 1630 Tu
585 1590 632 1629 me
646 1571 680 1630 dc
699 1572 752 1629 tuis
771 1571 848 1629 rebus
865 1571 1019 1641 omnibus,
1040 1573 1068 1630 &

257 1642 369 1704 Lentuli
395 1650 435 1706 tui
467 1648 604 1735 nostrique
630 1648 721 1705 studiis
747 1648 776 1708 ἃ
797 1648 1056 1718 exercitationibus,

255 1719 306 1781 lim
319 1722 403 1797 quim
417 1722 616 1783 frmiliarissnnb
637 1726 806 1792 certiorem,
827 1724 856 1780 δε
876 1722 961 1799 quim
981 1724 1068 1800 saepill

256 1797 359 1856 facias:
382 1800 591 1877 existimesque,
617 1801 760 1858 neminem
781 1800 910 1875 cuiquam
929 1818 1022 1877 neque
1034 1818 1068 1859 ca

256 1889 316 1930 rern
336 1892 426 1951 neque
442 1877 638 1952 jucundiorem
652 1893 786 1953 umquam
811 1872 906 1945 fuiffe,
926 1876 1011 1952 quarn
1025 1887 1056 1935 te

255 1948 307 2006 hi:
327 1952 410 2029 idque
424 1971 488 2022 me,
507 1972 566 2012 non
580 1951 668 2010 modo
683 1951 888 2020 uttusentias‚
907 1951 954 2018 sed
972 1965 1003 2011 ut
1023 1971 1068 2011 orn

257 2038 368 2099 gentes,
382 2029 465 2086 etiam
480 2041 510 2086 ut
524 2028 551 2082 85
560 2029 697 2103 posteritas
711 2029 801 2086 omnis
812 2026 958 2102 intelligat,
973 2026 1068 2091 effeta.

107 2113 248 2233 {gibaima
257 2119 327 2160 rum.
366 2105 472 2179 Appius
490 2107 520 2169 in
539 2104 706 2166 sermonibus
725 2103 805 2162 antea
833 2103 1007 2164 ⁵dicbitabat:
1029 2123 1067 2181 po

156 2212 165 2233 .
1056 2202 1068 2240 c

258 2330 384 2380 delendum
396 2344 454 2396 puto
468 2332 494 2383 fri
503 2337 574 2397 quta,
591 2347 634 2380 nec
649 2332 766 2381 rationem
780 2329 846 2379 reddi
861 2345 933 2395 quare
950 2345 1000 2380 non
1018 2329 1068 2381 mifi

258 2392 298 2442 sod
309 2409 380 2458 quare
391 2411 441 2443 non
453 2399 538 2468 putarit
550 2395 660 2445 edendos.
680 2398 722 2443 Sed
734 2396 821 2442 verebar
837 2412 878 2441 non
895 2413 943 2451 eos,
960 2393 985 2443 id
1001 2394 1052 2452 est,

256 2456 360 2505 edendos
369 2460 448 2522 putavi
461 2493 469 2516 ,
485 2463 526 2524 qui
535 2458 635 2507 verebar.
652 2460 810 2517 J.F.Gron0v.

287 2529 324 2575 83.
340 2526 450 2575 Quantum
456 2522 537 2581 studiis
545 2523 662 2577 oneribus,
678 2523 725 2580 dac]
739 2526 768 2568 In
780 2519 841 2569 libro
853 2519 893 2585 qui
904 2520 962 2569 esta
979 2519 1010 2569 ud
1023 2535 1063 2572 me

254 2580 394 2647 uuscriptus,
409 2585 505 2640 rectius,
520 2598 544 2632 ut
562 2585 666 2649 opinor,
681 2584 784 2650 legitur,
800 2600 905 2647 quartum
915 2534 996 2644 stuciis
1013 2598 1068 2632 verer

254 2645 329 2703 nostris
338 2649 482 2693 delellationis
491 2649 584 2710 consequi
590 2651 712 2709 poterimus.
729 2644 830 2695 urlinus.

288 2717 323 2768 84.
340 2715 374 2756 Ea
383 2724 444 2765 tanta
459 2714 515 2756 mihi
525 2728 576 2757 curae
584 2712 653 2771 sunt,
668 2723 693 2756 ut
706 2729 738 2757 me
755 2712 821 2756 nolim
833 2711 964 2768 admoneri]
979 2714 1056 2758 Locus

255 2772 372 2820 tettomm
381 2771 474 2835 flagitio
484 2789 549 2820 cotru
565 2786 617 2828 tus,
634 2773 708 2836 liquet
718 2772 777 2821 milri
787 2788 818 2830 err
825 2771 889 2821 libris
903 2769 955 2822 mil.
967 2774 992 2821 in
1008 2777 1068 2827 Stena

255 2831 324 2896 (licut
335 2837 360 2882 in
371 2834 418 2882 Pal.
426 2849 500 2899 quart.
511 2789 577 2883 inille
586 2832 664 2883 rasura
678 2835 775 2900 vestigia
784 2833 880 2896 dicunt)
897 2851 921 2880 ea
933 2869 940 2889 ‚
955 2848 1047 2892 arante,
1063 2855 1068 2883 r

253 2914 305 2942 cura
312 2897 373 2954 fiat,
390 2898 415 2948 ir
429 2915 462 2943 mc
471 2902 539 2944 velim
550 2901 665 2948 admoneri.
687 2898 744 2947 Pali.
757 2900 825 2962 prim.
840 2895 882 2949 sec.
900 2896 964 2960 (licet
975 2897 1013 2945 hic
1041 2915 1068 2947 uc

251 2957 344 3008 fiabierit
353 2973 436 3007 manus
445 2975 559 3024 poparum
569 2959 732 3023 librariorum)
749 2978 773 3006 ea
785 2964 810 3012 ir
827 2974 875 3007 anre
886 2964 942 3007 mihi
953 2977 1004 3007 curu
1018 2914 1064 3020 int

252 3039 286 3069 me
296 3025 365 3068 velim
375 3024 497 3079 admoneri,
507 3027 578 3086 rogari
586 3022 636 3071 verb
649 3024 695 3082 fine
710 3040 782 3087 magno
793 3025 863 3070 dolore
874 3023 1002 3086 vixlprffim.
1016 3022 1068 3072 'ficu

217 3129 222 3139 ,
253 3086 452 3140 carteritano,
465 3089 612 3133 arantemibi
623 3104 675 3132 carre
683 3087 740 3145 ſsnt,
756 3089 825 3138 &me
838 3089 904 3133 nolim
915 3088 1029 3136 admoneri.
1065 3094 1068 3135 j

253 3147 311 3210 quid
320 3146 420 3205 statuam
435 3148 521 3209 ἱτέχω·
545 3147 623 3196 lubeat
634 3151 695 3212 ptius
707 3150 767 3198 alios
781 3146 925 3213 inspettare,
946 3164 1040 3199 cernere
1056 3150 1068 3198 b

249 3223 361 3274 pugnarn.
378 3211 481 3259 Gebhard.
562 3234 566 3242 ·

286 3282 321 3325 85.
339 3273 450 3331 posteritas
466 3278 534 3320 omnis
549 3277 674 3337 intelligat]
709 3279 745 3323 Ex
762 3273 867 3340 scriptis,
894 3290 945 3340 quae
967 3273 1068 3325 duratur:

253 3333 358 3398 posteros
374 3334 446 3399 spero.
480 3336 601 3402 Distingue
618 3352 696 3385 nutem
712 3354 718 3383 t
736 3340 775 3397 sed
790 3354 814 3384 ur
830 3356 898 3385 omncs
910 3352 980 3400 gentes
997 3342 1065 3385 eriam

253 3401 321 3442 omnis
328 3397 435 3459 pfieriras
444 3402 556 3462 intelligat.
573 3399 763 3450 construendum
774 3401 839 3452 enirn
847 3417 856 3456 t
864 3403 905 3462 sed
915 3405 980 3451 eriam
991 3435 999 3459 ,
1015 3417 1041 3448 ur
1050 3420 1068 3449 or

248 3474 336 3522 gentes,
351 3476 376 3509 ua
387 3465 455 3511 omnir
461 3462 535 3527 poster.
552 3463 575 3529 J
582 3466 608 3514 F.
615 3466 723 3519 Gronov.
