2272 4020
238 130 300 200 320
342 110 453 181 Ense.
467 130 518 180 nn
536 106 788 198 Tonoonron,
807 110 1037 199 nr-turunos

84 246 112 297 h
126 238 227 297 auree„
238 223 358 283 amicitia
377 223 544 299 oportebat:
570 236 665 285 tamen
686 224 776 285 adhuc
794 223 824 283 id
844 241 903 282 non
923 221 1095 286 ¹¹¹fecerarni

85 298 88 303 ’
235 301 302 433 guia
323 317 416 376 neque
431 299 518 360 lenire
530 301 641 361 videbar
654 303 797 369 oratione,
816 317 909 376 neque
920 298 1014 357 levire
1027 291 1094 370 posse

255 375 364 434 olorem
377 388 467 436 tuum.
504 377 600 437 Postea
613 376 699 448 verb,
718 377 804 454 quim
817 392 948 451 magnam
966 372 1044 448 spem
1055 370 1095 429 lu·

235 450 301 509 bere
316 453 411 528 coepi,
431 455 509 524 sore,
528 466 559 513 ut
571 467 600 513 te
619 455 696 513 brevi
714 465 842 530 ternpore
862 451 1038 510 incolumem
1050 447 1097 534 ‚ht-

235 526 379 587 beremuss
398 530 497 597 facere¹
515 548 574 589 non
594 531 697 605 potui,
716 531 785 606 quin
808 529 857 587 tibi
885 529 915 585 ὃ(
939 525 1097 584 sentenoam

235 604 451 665 &voluntatem
472 606 637 665 declararem
658 623 760 665 meam.
797 604 923 663 Primum
943 603 1026 677 igitur
1044 599 1097 658 scri·-

235 677 302 738 bam
316 724 325 750 ,
344 681 422 757 quod
434 681 575 758 intelligo,
595 685 625 741 &
637 682 787 758 perspicio,
806 699 866 739 non
878 680 940 737 fore
953 680 984 736 in
998 689 1027 735 te
1042 677 1096 734 Co
1121 708 1125 761 !

236 753 323 815 sarem
337 756 485 815 duriorem.
504 776 569 817 nam
584 760 668 817 &res
683 776 748 816 eum
762 754 904 834 quotidie,
924 756 955 812 &
980 753 1056 823 dies,
1073 755 1096 810 &
1121 780 1127 839 -Ι

61 856 64 862 ’
88 859 106 896 n
120 840 193 893 etiam
238 832 336 906 opinio
355 833 529 903 hominum,
556 836 609 904 &,
635 848 666 892 ut
685 835 755 892 mihi
774 832 905 901 videtur,
923 831 1034 888 ¹¹etiam
1060 829 1095 886 sur
1122 852 1128 909 p

86 904 229 968 oſsius.
240 919 336 966 natura
355 908 496 969 mitiorem
516 911 581 969 facit
596 928 605 969 s
623 910 708 986 idque
729 926 794 967 curn
815 908 850 966 de
870 908 980 982 reliquis
993 905 1094 973 sentio,
1124 934 1130 989 p

238 994 300 1041 tum
320 983 356 1042 de
375 996 404 1043 te
427 986 510 1043 etiam
531 985 613 1044 audio
633 1003 668 1044 ex
687 982 893 1044 familiarissimis
912 984 986 1057 ejus:
1009 982 1095 1058 quibu
1125 998 1129 1063 ξ

238 1077 293 1134 ego
313 1078 347 1117 en
368 1078 404 1119 eo
424 1073 575 1136 tempore,
594 1080 653 1139 quo
675 1059 794 1138 primum
816 1078 850 1118 er
871 1059 967 1117 Africa
994 1059 1100 1117 nunriis·
1125 1066 1130 1103 Ι

239 1136 339 1205 venit,
365 1135 511 1211 supplicare
531 1138 586 1197 und
609 1155 674 1195 cum
695 1138 817 1197 fratribus
842 1137 895 1193 tuis
920 1141 982 1193 non'
1010 1133 1094 1217 dcstiu
1126 1166 1133 1227 -ι

90 1214 206 1288 solome
240 1209 269 1262 ⁷⁸
276 1229 397 1289 quorum
417 1213 530 1289 quidem
544 1216 574 1273 ὃ(
587 1216 691 1273 ⁰virtus
706 1244 715 1282 ,
735 1215 764 1273 δι
776 1215 876 1288 pietas,-
897 1213 927 1269 &
940 1228 1023 1268 amor
1035 1212 1062 1269 in
1073 1222 1095 1266 tr

91 1281 215 1360 &metam
241 1285 399 1362 smgularis,
419 1292 449 1347 &
462 1289 585 1359 assidua,
605 1292 635 1348 &
648 1301 777 1365 perpetua
789 1306 855 1346 cura
874 1286 962 1345 salutis
973 1300 1033 1345 tuae
1044 1298 1094 1345 tan
1129 1336 1132 1361 ,

91 1343 145 1389 ³⁴⁶·
240 1375 302 1421 tum
323 1364 453 1437 proficit,
473 1379 503 1424 ut
523 1366 590 1425 nihil
608 1365 663 1435 fit,
682 1365 760 1443 quod
779 1383 838 1423 non
857 1363 945 1438 ipsum
968 1362 1093 1421 Caesorem
1128 1390 1133 1399 ·

91 1452 165 1517 posit
180 1453 213 1502 ec
240 1439 404 1499 tributuum
417 1441 578 1500 existimem.
616 1440 725 1501 nSedss
740 1440 839 1499 tardius
852 1438 899 1508 fit,
919 1437 1007 1516 quim
1027 1438 1094 1496 volu-
1130 1462 1133 1473 ·

240 1531 302 1573 mus
308 1536 318 1582 s
339 1518 444 1592 magnis
458 1518 682 1593 occupationibus
697 1520 770 1593 ejus,
790 1515 806 1573 ‘a
822 1534 883 1593 quo
897 1517 996 1574 omnia
1009 1526 1094 1600 petuo*

240 1602 307 1660 tur,
326 1591 412 1665 aditus
425 1593 461 1652 ad
475 1613 540 1652 eum
554 1594 718 1653 difficiliores
730 1594 840 1651 suerunt
855 1613 862 1649 ε
883 1593 914 1650 &
930 1591 1012 1649 simul
1031 1591 1094 1649 Astu

240 1684 318 1739 canae
337 1669 425 1726 causae
444 1671 560 1740 iratior,
592 1668 689 1728 diutius
715 1669 786 1727 velle
807 1668 915 1727 videtur
936 1686 986 1726 eos
1006 1667 1095 1725 habers

240 1742 367 1802 sollicitos
380 1743 396 1801 *a
409 1747 506 1821 quibus
525 1746 552 1804 se
571 1758 648 1822 putat
668 1744 878 1803 diuturnioribus
899 1740 954 1801 esse
977 1742 1095 1802 molestiis

49 1892 52 1899 Ι
242 1818 437 1889 conflidlatum.
456 1821 502 1881 sed
521 1823 577 1881 hoc
590 1822 677 1896 ipsum
696 1821 871 1895 intelligimus
891 1837 960 1878 eum
980 1818 1097 1896 quotidie

93 1897 178 1971 qsose
242 1894 396 1966 remissius,
416 1900 446 1956 dt
464 1898 590 1973 placatius
603 1899 703 1956 nferre.
741 1900 835 1971 Quare
854 1896 923 1955 mihi
943 1894 1029 1963 c‘rede
1048 1896 1097 1965 s&

94 1972 147 2017 MS,
244 1974 390 2030 memoriae
404 1975 520 2042 manda,
540 1993 587 2032 me
599 1974 647 2032 tibi
661 1973 690 2031 id
702 1968 877 2041 ‘affirmassm
890 1985 919 2029 te
933 1973 963 2029 in
978 1972 1031 2031 istis
1045 1988 1099 2035 tuo·

93 2044 105 2079 ¹
120 2028 321 2106 ²ffi¹m²1⁶lestiis
335 2048 432 2107 diutius
445 2069 504 2108 non
518 2050 648 2107 futurum.
687 2052 786 2181 (ffuum
799 2048 864 2124 quid
884 2047 1016 2106 sentirem
1032 2091 1041 2117 ,
1058 2066 1099 2105 ex·

92 2095 143 2142 “¹⁶⁴'’
242 2123 341 2198 posui:
367 2125 434 2200 quid
460 2125 560 2183 vellem
580 2138 627 2183 tua
653 2131 753 2193 caua,
779 2141 807 2181 re
828 2122 917 2199 potids
939 2123 1099 2192 declarabo,

129 2218 153 2265 p.
169 2218 195 2267 Β,
241 2197 326 2276 quim
341 2201 480 2258 oratione:
501 2203 547 2270 ὃς,
567 2199 586 2258 sr
605 2212 713 2259 tantum
727 2187 850 2275 possem,
870 2206 1010 2277 quantum
1031 2202 1100 2259 ines

242 2275 401 2349 republica,
428 2275 462 2334 de
482 2294 536 2352 qua
562 2277 598 2334 ita
619 2276 677 2335 sum
698 2276 831 2346 meritus,
851 2285 881 2335 ut
893 2289 925 2335 tu
946 2276 1100 2345 existimas,

95 2382 111 2417 ρ
187 2383 189 2387 ⁷
241 2346 316 2426 posse
337 2349 494 2419 debebam3
515 2362 544 2406 79
552 2370 588 2410 ne
609 2364 639 2410 tu
662 2352 775 2428 quidem
795 2352 824 2410 in
844 2352 896 2410 istis
915 2352 1102 2411 incommodis

94 2466 98 2471 -
241 2410 314 2484 esses.
335 2426 431 2485 eadem
453 2429 527 2486 enim
548 2428 625 2487 causa
645 2447 711 2504 opes
732 2445 806 2487 meas
826 2429 922 2503 fregit,
943 2446 1010 2504 quae
1030 2440 1100 2487 tuam

242 2502 355 2561 salutem
382 2503 412 2561 in
433 2502 576 2563 discrimen
596 2504 715 2563 adduxit.
754 2503 808 2562 Sed
833 2516 952 2572 tamen,
972 2502 1103 2581 quidquid

131 2626 144 2635 ..
243 2580 336 2673 imago
350 2580 448 2638 veteris
460 2598 532 2637 meae
546 2580 697 2656 dignitato,
716 2579 849 2656 quidquid
868 2580 994 2657 reliquiae
1015 2582 1103 2656 gratiae

243 2655 372 2713 valebunt
392 2678 401 2722 ;
421 2655 563 2725 studium,
596 2656 765 2724 confilium,
793 2673 875 2729 opera
891 2698 899 2726 ,
918 2658 1023 2732 gratia,
1043 2656 1103 2715 fides

102 2788 108 2797 ,
244 2748 323 2799 mea,
342 2731 419 2789 nullo
431 2732 496 2792 loco
518 2732 604 2790 deerit
623 2733 675 2790 tuis
695 2732 805 2807 optimis
824 2733 955 2791 fratribus.
996 2733 1048 2795 Tu
1065 2734 1104 2791 soc

94 2826 193 2882 ‚hbui
244 2806 342 2865 habeas
363 2808 464 2866 sortem
485 2810 634 2878 animum,
654 2825 739 2886 quem
760 2807 865 2884 semper
879 2809 1013 2869 ⁵habuisti
1029 2829 1037 2868 :
1056 2810 1104 2901 pn'-

97 2898 150 2947 ur'.
1031 2894 1103 2946 muru

244 3034 292 3083 cuti
306 3019 368 3093 stult]
382 3030 505 3083 seurffime
517 3031 632 3082 sehabere
642 3032 688 3083 hoc
698 3022 754 3084 loco
769 3033 883 3086 videnum
917 3036 969 3087 alii
983 3035 1102 3087 olm&

239 3099 373 3161 pietatssru
389 3096 460 3146 male.
479 3105 582 3145 cameras.

279 3175 315 3215 79.
332 3166 364 3207 Na
373 3175 398 3206 sss
407 3162 494 3224 quidem
503 3164 526 3207 in
539 3159 585 3219 istis
595 3161 730 3208 incommodis
745 3164 812 3224 ffb]
832 3165 896 3211 Qum
910 3164 937 3213 in
949 3160 1103 3225 manuscripto

245 3220 306 3271 libro
322 3227 376 3270 unte
392 3221 489 3271 verbum
503 3225 568 3284 effes,
583 3222 673 3286 legatur
687 3242 746 3281 non,
761 3223 852 3273 videtur
862 3240 907 3289 pro
919 3244 946 3273 su
965 3223 1104 3275 scribenda

247 3281 294 3332 esse
304 3290 353 3340 tie,
368 3297 393 3332 ut
404 3285 451 3344 sit,
467 3302 495 3333 na
506 3300 531 3333 tu
541 3287 626 3349 quidem
635 3289 658 3332 in
672 3286 719 3347 istis
735 3289 871 3335 incommodis
885 3304 927 3336 nou
937 3289 1000 3349 effla,
1015 3290 1039 3337 el

247 3347 307 3394 tiore
316 3347 365 3459 :dos
382 3348 490 3410 videtur,
505 3347 624 3400 sententia
640 3350 713 3412 vrfin.
731 3354 822 3404 omues
831 3364 914 3405 tuneo
930 3352 973 3405 olii
988 3350 1043 3403 libri

248 3422 315 3474 psov
339 3422 403 3473 gata.

1004 3478 1041 3529 to.
1056 3480 1105 3525 dau
