2272 4020
246 206 438 275 bruna
480 209 772 296 Quruaus.
882 239 945 304 215

10 348 12 387 ;
66 322 154 382 video
177 321 256 382 illum
283 322 530 391 circumuentum
551 341 599 381 me
617 322 778 399 desertum,
805 327 822 387 i
843 329 942 407 quibus

10 446 12 455 .
67 397 186 459 minime
215 399 406 458 conveniebat.
444 399 541 476 Itaque
567 402 597 458 in
624 400 725 471 meru,
758 407 788 463 ὃς
813 404 938 482 squalore

66 478 144 545 sum,
164 477 213 553 qui
232 475 410 550 provinciae,
429 477 478 552 qui
498 477 634 549 exercitui
650 478 792 552 praesum,
811 484 860 558 qui
880 483 938 541 bel-

65 555 125 613 lum
145 570 222 628 gero.
267 568 313 609 uae
331 554 466 629 quoniam
486 571 541 612 nec
560 553 690 626 ratione,
716 574 770 615 nec
797 559 936 634 majorum

66 628 213 689 cnostrum
241 569 388 687 cienentn
408 626 626 691 dadministrastis
641 671 650 699 ,
668 650 729 692 non
756 632 807 691 erit
834 619 1084 726 mima-{fimi

65 707 154 775 dum,
174 705 260 764 rivos
275 705 428 779 poenitebit.
467 707 514 763 Te
531 720 589 764 tarn
611 707 708 776 mobili
728 709 757 768 in
778 725 825 767 me
845 712 935 771 meos·
946 687 1087 794 m21⁰⁰st¹sp

63 800 120 860 que
147 779 202 841 effe
227 783 322 840 animo
342 800 400 840 non
427 782 573 856 sperabam.
611 784 663 843 Me
684 785 788 844 interea
808 803 861 844 nec
880 787 960 855 do·d
974 784 1019 858 ⁴121·
1029 808 1072 859 ad.

64 859 191 918 mesticus
204 858 302 926 dolor,
322 875 375 917 nec
389 859 547 935 cujusquam
560 859 658 935 injuria
677 859 695 919 a
716 861 852 940 republica
866 864 934 923 eab·
941 872 1086 927 ministrnm

65 936 157 997 ducet.
197 935 278 994 Vale.
942 947 957 982 e
974 933 1071 987 abducet

945 996 1086 1066 necsepara·

946 1057 987 1110 bit.
1004 1066 1057 1113 MS.

336 1092 665 1144 EPISTOLAII.
980 1128 1047 1175 M·

73 1278 76 1283 Ι
94 1220 146 1267 AR
153 1220 184 1268 G.
217 1214 333 1287 Respondet
347 1217 377 1263 ad
392 1217 482 1264 Metelli
496 1220 603 1280 querelam
619 1218 644 1265 de
661 1224 738 1282 Nepote
749 1217 822 1276 fratre
838 1222 884 1280 ejus
900 1232 937 1284 op·

59 1293 171 1345 pugnato,
187 1283 320 1403 aestimem
330 1278 372 1338 sue
387 1283 411 1326 in
425 1296 474 1326 eum
489 1279 557 1341 officia
573 1296 738 1339 commemorat,
754 1295 778 1328 ur
794 1284 819 1344 se
833 1286 937 1332 amicitia

57 1342 183 1406 sere‘sfinffl
198 1362 209 1389 o
228 1344 304 1390 eredat:
320 1342 396 1389 deinde
405 1345 439 1389 his
450 1340 524 1404 officiis
539 1361 580 1389 nen
594 1356 668 1392 mutuo
679 1345 793 1391 Metellum
813 1346 936 1407 respondrffl

56 1406 179 1470 fignificat:
196 1424 232 1453 nee
244 1421 295 1452 vm
311 1420 326 1450 a
335 1406 360 1466 se
370 1404 464 1464 fratrem
480 1408 524 1466 ejus
538 1413 637 1470 Nepotem
652 1420 808 1471 oppugnatum,
818 1410 858 1469 sed
872 1421 937 1471 oppu-

56 1474 135 1533 gnanti
144 1471 169 1531 se
184 1468 286 1529 restiriffe.
319 1467 422 1527 Postremo
435 1469 520 1529 excusat
529 1483 592 1534 arque
602 1475 669 1518 eriam
679 1472 754 1517 laudat
764 1473 810 1529 ejus
825 1472 933 1529 dolorm,

56 1535 162 1598 sumque
177 1536 200 1579 in
216 1532 403 1578 tuendaamicirie
416 1531 554 1590 constamr'em
561 1533 680 1595 pollicetur.
691 1536 794 1589 [ΛΝΒ.
808 1536 933 1595 DCXCL]
1014 1590 1017 1595 ¹

61 1601 130 1647 Hauc
140 1592 252 1663 peaeceffit
263 1592 361 1660 epistola
371 1591 490 1659 superior,
506 1597 608 1660 requitur
617 1611 654 1661 ep.
662 1615 684 1654 ς.
700 1596 767 1659 hujus
777 1594 838 1646 libri.

62 1748 105 1808 M.
125 1747 164 1808 T.
184 1748 227 1805 M.
254 1747 283 1804 r.
304 1744 337 1804 c.
357 1748 395 1822 Q.
421 1746 622 1807 METELLO
655 1750 693 1824 Q.
713 1746 742 1807 r.
762 1742 932 1819 canum,

362 1834 523 1903 procos.
544 1834 570 1893 s.
588 1835 627 1894 n.

60 1975 107 2087 SI
126 1987 158 2035 tu
178 1974 363 2051 exercitusque
391 1971 508 2043 valetis,
527 1973 598 2033 bene
613 1973 657 2033 est.
697 1973 793 2034 Scribis
806 1973 841 2035 ad
862 1992 928 2045 ane,

110 2064 141 2112 te
156 2048 331 2120 existimaffe,
352 2067 403 2127 pro
417 2061 517 2111 mutuo
532 2051 668 2115 internos
688 2051 783 2111 animo
798 2095 807 2120 ‚
827 2052 857 2108 &
895 2068 928 2111 ro

60 2129 237 2189 reconciliata
250 2129 351 2204 gratia,
370 2145 524 2204 numquam
544 2139 573 2187 te
594 2125 611 2187 ir
632 2146 679 2186 me
701 2126 819 2186 ludibrio
831 2068 928 2186 laeirim

59 2204 101 2264 iri.
141 2205 230 2281 Quod
244 2203 398 2281 cujusmodi
412 2203 461 2275 srt,
479 2203 537 2263 satis
559 2202 708 2280 intelligere
729 2222 788 2262 non
802 2199 928 2279 poffum:

57 2280 105 2341 sed
117 2293 214 2341 tamen
227 2281 359 2358 suspicor,
379 2279 413 2340 ad
425 2293 454 2340 te
469 2277 522 2339 effe
536 2280 646 2341 allatum
662 2324 671 2351 ,
691 2298 755 2350 rne,
775 2281 804 2339 in
817 2279 929 2352 senatu,

58 2354 125 2417 ciam
139 2357 302 2433 disputarem
316 2357 467 2432 permultos
480 2353 533 2417 eise
547 2401 556 2427 ,
576 2359 625 2436 qui
636 2357 834 2434 rempublicam
848 2356 865 2416 a
879 2374 927 2417 me
998 2425 1002 2437 Ι

58 2434 250 2495 conservatam
263 2434 405 2502 dolerent,
425 2432 518 2494 diriffe
530 2458 540 2503 ;
561 2432 577 2493 i
591 2447 620 2494 te
640 2437 809 2513 propinquos
822 2432 834 2479 f
845 2446 907 2495 tuoe
916 2477 924 2504 ,
934 2421 1052 2534 mm

55 2509 158 2646 fluibus
177 2528 277 2586 negare
297 2528 356 2569 non
376 2508 525 2586 potuisses,
544 2509 720 2589 impetrarie,
740 2522 841 2583 ut-ea,
860 2529 925 2587 quae
936 2505 1067 2599 fflffl

78 2583 186 2646 amisses
200 2588 248 2646 tibi
261 2589 290 2646 in
303 2587 397 2647 senatu
410 2587 444 2647 de
465 2605 529 2645 mea
541 2586 622 2646 laude
636 2587 689 2646 effe
705 2587 820 2647 dicenda
834 2629 843 2657 ,
862 2589 927 2646 reti·
1067 2587 1077 2600 '

54 2682 142 2723 ceres.
180 2663 268 2739 Quod
281 2662 347 2722 cium
361 2663 498 2734 dicerem,
517 2663 583 2723 illud
596 2665 707 2741 adjunxi
722 2683 729 2722 :
750 2663 819 2721 mihi
830 2675 927 2723 tecum

54 2742 95 2799 ita
116 2739 290 2815 dispertitum
305 2739 429 2799 officium
442 2737 519 2799 fuiffe
532 2741 561 2799 in
580 2741 737 2816 reipublicae
758 2738 841 2799 salute
863 2741 927 2799 reti·
988 2764 999 2805 u

54 2816 174 2886 nenda,
194 2828 224 2875 ut
237 2834 290 2893 ego
312 2816 408 2874 urbem
428 2815 446 2873 a
465 2816 620 2875 domesticis
639 2816 760 2884 infidis,
780 2817 811 2875 &
830 2814 864 2874 ab
883 2818 926 2876 in·

55 2893 159 2952 testino
172 2892 269 2952 sceiere
285 2915 293 2960 ;
314 2905 346 2950 tu
361 2893 466 2952 Italiam
481 2895 511 2952 δι
523 2893 557 2952 ab
569 2895 679 2952 annatis
691 2892 827 2962 hostibus,
846 2895 877 2953 ὃ(
890 2893 925 2953 ab

55 2968 169 3029 occulta
190 2969 381 3045 conjuratione
402 2969 584 3029 defenderes:
611 2982 694 3047 atque
713 2969 785 3029 hanc
804 2968 925 3028 nostram

56 3046 128 3105 tanti
147 3046 177 3103 ὃ(
197 3058 255 3104 tarn
276 3045 398 3121 praecrarr
419 3047 538 3107 muneris
553 3044 713 3107 societatem
731 3090 740 3116 ,
759 3045 843 3105 ituis
859 3063 926 3121 pro·

56 3121 169 3198 pinquis
180 3121 386 3181 labefaeratam:
407 3124 471 3199 qui,
491 3120 556 3182 ciam
569 3135 601 3182 tu
614 3122 630 3182 i
645 3142 692 3183 me
706 3124 784 3182 rebus
798 3121 925 3197 amplissi·

56 3198 110 3257 mir
129 3208 213 3276 atque
232 3199 509 3259 honorificenriffimis
532 3212 643 3259 ornatus
663 3195 745 3269 erres,
764 3195 925 3269 timuissent,

55 3292 150 3352 nequa
171 3274 239 3337 rnihi
258 3292 317 3351 pars
336 3277 381 3337 abs
400 3289 429 3335 te
449 3276 596 3336 uoluntatis
622 3289 729 3335 mutuae
754 3275 924 3335 tribueretur.
936 3279 1078 3357 g‘inenore

56 3349 126 3410 Hoc
139 3351 171 3409 in
190 3351 341 3425 sermone,
360 3352 425 3413 cinn
447 3352 463 3413 a
483 3370 531 3411 me
550 3364 755 3429 exponeretur,
775 3368 839 3429 quae
860 3370 924 3413 mea
936 3347 1032 3420 V¹⁶³⁰',·‚,

56 3426 223 3504 exspeemio
244 3424 334 3489 fuiffet
347 3431 484 3492 ‚orationis
494 3441 584 3500 .tuae‚
603 3440 765 3553 quantoque
783 3439 924 3488 ssmaerore
934 3406 1012 3517 {mals}
1024 3423 1061 3468 ¹¹¹·

53 3503 175 3583 ¹versatus
195 3501 294 3571 essem:
314 3506 370 3589 uisa
381 3507 420 3571 est
431 3507 522 3573 oratio
536 3524 595 3568 non
629 3504 802 3582 injucunda
821 3508 858 3643 {i
865 3524 926 3591 me·
937 3510 975 3585 se'd
986 3504 1049 3584 mg„

499 3592 523 3642 0
543 3603 561 3661 4
859 3598 928 3642 ocrrs
