2272 4020
236 124 295 191 ¹72
319 104 428 175 Eorsr.
443 124 494 171 nu
515 107 596 173 Sua.
610 104 819 197 Suprrcruu,
839 121 882 171 nr
898 116 1057 176 cernuos

233 219 294 289 cie,
312 220 429 297 &peste
443 220 598 297 reipublicae
612 218 764 279 molestiam
777 220 901 293 traxerit:
920 231 1018 279 tamen
1027 220 1106 280 'mirl-

233 306 261 351 ta
271 295 331 370 jam
345 297 535 367 consolantur,
554 295 731 373 maximeque
744 295 909 355 conscientia
921 295 1102 358 confiliouun

233 386 372 433 meorum.
413 373 541 433 ι7Μι11ῑὸ
561 374 637 433 enirn
659 370 747 442 ante,
779 384 923 448 tamquam
949 389 984 430 ex
1011 374 1104 450 aliqua

231 444 364 537 specula,
401 450 508 527 rospexi
526 449 717 535 tempestatem
737 449 880 533 futuram:
900 465 994 524 neque
1014 448 1045 507 id
1056 450 1104 508 so-

230 520 289 580 lum
303 542 366 584 mea
378 468 492 603 iisonte,
510 526 556 585 sed
569 524 659 584 multe
679 537 763 585 ettam
782 541 891 599 magu,
910 536 1047 583 monente
1069 527 1103 585 ὃς

79 600 97 663 l>
112 627 153 678 pa
232 596 411 661 denuntiante
424 614 461 661 te.
499 601 556 660 Etsr
570 603 646 660 enirn
659 601 734 659 abfui
746 600 898 675 bmagnam
912 613 1019 676 partem
1030 618 1101 661 con-

80 672 329 743 maguussuaus
348 679 411 737 tui:
431 691 527 737 tamen
548 680 578 737 &
598 676 690 738 absens
709 676 746 735 ci
783 676 928 745 osdebarn,
947 695 1012 752 quae
1033 677 1103 737 eslet

231 760 279 807 tua
293 752 322 810 in
335 753 392 812 hoc
413 755 540 830 pestifero
561 752 633 813 bello
654 769 743 812 caven
800 754 830 811 ὃ(
843 751 1021 828 praedicendo
1042 753 1104 814 sen·

98 867 136 913 7
158 870 176 915 13
230 827 338 898 tentia,
358 831 389 887 &
408 829 462 906 ipse
476 829 543 889 affui
561 829 842 905 prinus-temporibus
861 829 902 886 tui
922 828 1102 899 consulatus,

135 902 142 915 '
176 903 183 916 '
233 900 298 961 clim
312 906 507 965 accuratissime
521 906 650 965 monuisti
662 904 786 964 senatum
801 946 810 974 ,
829 902 950 963 colleet'u
959 958 961 963 .
970 906 1102 965 omnibus

82 1023 98 1057 c
111 1008 222 1060 immine
234 977 308 1037 bellis
320 980 459 1053 civilibus,
477 993 509 1040 ut
529 983 559 1040 &
572 982 615 1039 illa
628 982 759 1039 timerent
772 1023 781 1049 ,
800 998 865 1057 quae
877 978 1100 1041 cmeminissent:

82 1084 135 1121 tent
146 1077 197 1123 MS.
235 1051 476 1127 &iscirenncum
489 1058 655 1134 superiores,
665 1056 750 1115 nullo
763 1056 810 1114 tali
823 1055 953 1131 exemplo
973 1056 1056 1118 anted
1068 1058 1100 1119 in

82 1133 100 1181 d
116 1131 225 1185 sentirent
234 1130 370 1205 republica
391 1136 531 1211 cognito,
557 1146 615 1193 tarn
636 1131 757 1193 crudeles
776 1130 907 1200 niseum
928 1134 1100 1210 quicumque

83 1199 153 1247 MSS·
253 1205 326 1264 ostea
341 1210 537 1286 rempublicam
557 1206 722 1286 oppreffillet
740 1208 844 1278 armis,
864 1208 954 1267 multo
968 1209 1100 1269 intolera-

232 1222 358 1342 sutorem
371 1285 503 1347 futurum.
540 1287 632 1356 Nam,
648 1282 729 1420 quod
747 1284 877 1360 exemplo
897 1284 927 1343 fit
942 1328 951 1354 ,
969 1284 999 1344 id
1012 1286 1098 1345 etiarn

230 1356 293 1433 jure
306 1358 364 1418 fieri
377 1376 488 1437 putant:
507 1360 553 1419 sed
565 1362 648 1437 aliqui
674 1404 684 1433 ,
701 1371 784 1436 atque
797 1359 869 1421 adei)
883 1361 970 1419 multa
992 1360 1099 1422 addunt

84 1454 99 1494 e
124 1441 225 1496 offerunt
234 1435 266 1493 &
278 1434 415 1495 eafferunt
428 1441 462 1496 de
476 1439 533 1496 suo.
572 1439 667 1513 Quare
680 1432 834 1495 meminisse
847 1436 946 1506 debes,
966 1454 1032 1508 eos,
1068 1439 1098 1498 ui

87 1508 140 1556 MS·
234 1509 425 1571 ausloritatem
445 1516 475 1572 &
496 1512 639 1573 confilium
666 1524 747 1571 tuum
767 1530 827 1572 non
845 1512 906 1571 sunt
924 1512 1009 1573 secuti
1023 1556 1033 1584 ,
1049 1457 1098 1574 iun

232 1582 341 1645 stultitia
355 1586 505 1658 occidisse;
527 1589 592 1648 clim
611 1602 657 1648 tua
676 1589 819 1669 prudentia
838 1586 903 1647 salvi
921 1585 975 1647 esse
995 1590 1099 1666 potuis

231 1659 298 1723 sent
336 1661 435 1727 Dices:
456 1666 534 1748 Quid
555 1684 601 1728 nte
621 1665 668 1725 ista
688 1682 729 1725 res
755 1663 910 1724 consolamr
933 1662 997 1725 ¹⁸in
1016 1667 1099 1727 tantis

234 1902 307 1959 Acad.
323 1929 346 1971 4.
370 1910 453 1957 Omitte
468 1909 536 1972 ipsum
551 1909 718 1971 Aristotelen,
742 1921 786 1954 meo
808 1906 893 1967 judicio
915 1910 940 1955 in
964 1906 1100 1971 Philosophia

229 1982 293 2035 prope
303 1974 437 2034 finqnlarem,
454 1974 522 2021 Valet
533 1980 629 2029 autem3
645 1971 785 2031 Singularis,
799 1968 916 2019 interdurn
930 1969 1009 2017 minus
1024 1984 1099 2033 quam

235 2034 388 2092 incredibilis,
404 2034 522 2084 interdum
547 2036 601 2083 lus:
619 2036 709 2089 minus,
725 2043 749 2078 ut
760 2047 797 2097 ep.
805 2048 841 2095 54.
864 2031 903 2082 lib.
916 2046 978 2083 arri.
996 2038 1023 2079 ln
1038 2034 1099 2095 langa

234 2102 364 2159 apparitione
390 2100 504 2159 iugularem
576 2109 638 2159 prope
663 2095 807 2142 incredibilem
822 2096 892 2158 patris
912 2096 1016 2141 Marcilii
1035 2094 1100 2153 fidam

234 2165 329 2220 cognovi.
347 2161 412 2214 Plus,
427 2172 453 2207 ut
464 2159 505 2208 lib.
519 2175 538 2209 r.
555 2159 586 2208 de
600 2163 665 2207 Orat.
684 2160 783 2205 Antonii
798 2158 928 2205 incredibilis
942 2158 1056 2221 madum,
1070 2158 1098 2210 ό·

233 2233 296 2283 prope
308 2222 436 2283 stigmarit,
453 2223 478 2273 m·
488 2223 567 2266 divina
575 2224 612 2266 vis
622 2223 713 2293 ingenii.⁶
725 2222 749 2268 1³.
756 2222 850 2293 Mamur.

235 2278 1098 2411 suli71dldidsfiegidsiddi33tioddoedd.asisisxinlfruciiiiaefirtrchitn:

233 2409 356 2469 canscientia
363 2408 482 2468 sustentor,
497 2425 544 2454 crum
558 2413 621 2471 cogito
632 2425 665 2454 me
678 2408 704 2455 de
719 2421 760 2471 rep.
777 2421 816 2454 aut
830 2406 925 2469 meroiffe
939 2410 1035 2470 aprime,
1050 2425 1097 2455 curu

230 2474 355 2531 potuerim,
369 2482 408 2517 aut
418 2484 470 2517 certe
479 2486 595 2534 numquam
610 2469 650 2531 nist
664 2472 758 2527 divine,
772 2470 884 2532 eogitaffl3
900 2485 964 2532 eaque
984 2472 1030 2532 ipsu
1044 2483 1098 2517 tem·

230 2533 310 2594 pestate
324 2534 418 2643 confiant
433 2533 470 2594 effe
484 2534 582 2597 rnnpulol.
598 2549 665 2598 quam
677 2550 710 2597 ega
727 2534 887 2598 quatuordecim
904 2537 1031 2580 annitente
1049 2546 1098 2597 pro-

256 2599 343 2648 exerim.
366 2601 438 2646 lem.

229 2594 256 2658 sp
269 2667 303 2708 18.
320 2665 346 2705 In
356 2664 422 2706 tantis
430 2660 517 2706 tenebris
527 2660 552 2711 dr
563 2660 623 2722 quast
634 2661 738 2722 perpetuis
748 2658 883 2721 reipublicae]
898 2661 951 2705 Nos
962 2657 1100 2708 emendavi·

235 2732 289 2769 mus
299 2726 412 2783 parietinis
424 2740 432 2768 .·
455 2720 506 2771 sunt
522 2734 601 2777 autem
616 2724 726 2785 parininn
746 2722 861 2785 parietum
874 2722 968 2775 mina,
988 2722 1052 2771 muri
1066 2718 1099 2769 se·

234 2781 418 2848 miconsumpti,
434 2796 459 2832 ut
478 2786 504 2832 in
522 2783 620 2861 epistola
639 2781 670 2833 ad
690 2787 720 2834 C.
736 2784 899 2840 Memmium,
921 2786 1057 2848 Patremque
1075 2796 1099 2831 oe

233 2845 300 2905 neseio
327 2849 367 2893 uid
381 2848 439 2893 illud
452 2850 540 2909 Epicuri
550 2848 707 2910 parietinarum
717 2846 888 2906 fibiconcederes.
914 2849 944 2893 ln
956 2843 1099 2899 tertiolibro

234 2862 327 2961 Tttserai
348 2910 460 2971 Magrffiue
477 2926 511 2961 me
534 2921 645 2957 minuant
670 2910 766 2957 Corinthi
779 2908 850 2968 subito
869 2907 951 2970 aspellat
970 2912 1099 2969 parietina,

233 2971 362 3034 quamipsos
373 2973 494 3023 Corinthios.
525 2968 574 3019 Etsi
585 2985 615 3019 eo
631 2986 727 3036 quoquc
741 2970 797 3019 loco
817 2967 925 3019 mendosi
941 2969 993 3019 sunt
1010 2970 1100 3037 vulgari

233 3032 346 3083 codices:
362 3032 449 3085 habent
463 3034 530 3082 enim
541 3035 648 3096 parietum
663 3039 747 3090 ruina,
771 3047 814 3097 pro
830 3036 959 3096 parietina:
976 3046 1053 3081 mauu
1066 3046 1100 3083 ta-

236 3110 294 3145 men
304 3094 345 3146 scri
361 3097 380 3144 ri
391 3097 533 3160 antiquiores
543 3109 624 3145 veram
631 3097 760 3146 lestionem
769 3095 878 3145 retinent.
910 3098 961 3144 No.
973 3094 1101 3147 Marcellus

237 3157 335 3208 Sisenne
345 3112 406 3209 dunc
415 3160 496 3207 locum
506 3156 598 3207 adducit
609 3173 638 3208 ex
653 3156 705 3209 hist.
723 3156 763 3208 lib.
777 3171 822 3208 111.
843 3158 892 3219 Posi
908 3158 1022 3205 villarum
1035 3176 1102 3207 moe·

236 3225 297 3279 rias,
312 3239 337 3269 ac
347 3225 464 3286 parietinas
480 3226 572 3286 quinque
587 3226 675 3269 cohorter
685 3226 708 3268 in
718 3221 801 3281 infidiit
811 3221 905 3285 reliquit.
938 3220 1054 3285 Appellat
1065 3234 1103 3269 aa·

238 3294 288 3331 rem
299 3289 416 3346 parietinas
427 3281 584 3350 Cit.Reipub.
597 3285 754 3346 pronianum
769 3279 834 3345 quafi
853 3284 930 3332 ruinas
942 3284 969 3333 &
983 3284 1100 3359 reliqui&-

255 3358 289 3392 uae
300 3359 330 3393 ne
340 3347 453 3397 videretur
462 3347 537 3403 dura,
553 3350 578 3397 δι
605 3360 671 3396 arum
681 3343 811 3394 verecunda
825 3345 949 3395 translatio
960 3378 969 3401 ,
990 3344 1102 3410 pamella

238 3406 245 3417 '
265 3420 279 3456 a
293 3410 353 3475 quui
365 3410 466 3482 mitigat.
483 3362 675 3467 verecundosis
686 3419 748 3459 certe
758 3404 926 3475 etipsaquam
942 3410 1044 3476 protulit
1049 3412 1106 3531 'iffi
