<?xml version="1.0" encoding="UTF-8"?>
<!DOCTYPE html PUBLIC "-//W3C//DTD XHTML 1.0 Transitional//EN"
    "http://www.w3.org/TR/xhtml1/DTD/xhtml1-transitional.dtd">
<html xmlns="http://www.w3.org/1999/xhtml" xml:lang="en" lang="en">
 <head>
  <title>
</title>
<meta http-equiv="Content-Type" content="text/html;charset=utf-8" />
  <meta name='ocr-system' content='tesseract 3.04.00' />
  <meta name='ocr-capabilities' content='ocr_page ocr_carea ocr_par ocr_line ocrx_word'/>
</head>
<body>
  <div class='ocr_page' id='page_1' title='image "./marcitulliicice06pedigoog_0176.png"; bbox 0 0 2272 4020; ppageno 0'>
   <div class='ocr_carea' id='block_1_1' title="bbox 223 192 1000 307">
    <p class='ocr_par' dir='ltr' id='par_1_1' title="bbox 223 192 1000 307">
     <span class='ocr_line' id='line_1_1' title="bbox 223 192 1000 307; baseline 0.001 -20"><span class='ocrx_word' id='word_1_1' title='bbox 223 219 414 289; x_wconf 73' lang='lat' dir='ltr'>biara</span> <span class='ocrx_word' id='word_1_2' title='bbox 455 222 746 293; x_wconf 75' lang='lat' dir='ltr'>Tattius.</span> <span class='ocrx_word' id='word_1_3' title='bbox 817 192 922 307; x_wconf 70' lang='grc' dir='ltr'>Ι163</span> <span class='ocrx_word' id='word_1_4' title='bbox 996 260 1000 271; x_wconf 93' lang='lat'><em>·</em></span> 
     </span>
    </p>
   </div>
   <div class='ocr_carea' id='block_1_2' title="bbox 49 339 1073 508">
    <p class='ocr_par' dir='ltr' id='par_1_2' title="bbox 49 339 1073 508">
     <span class='ocr_line' id='line_1_2' title="bbox 49 339 1073 419; baseline 0 -21"><span class='ocrx_word' id='word_1_5' title='bbox 49 345 128 416; x_wconf 79' lang='lat' dir='ltr'>opto.</span> <span class='ocrx_word' id='word_1_6' title='bbox 154 351 349 401; x_wconf 80' lang='lat' dir='ltr'><strong>verumtamen</strong></span> <span class='ocrx_word' id='word_1_7' title='bbox 369 342 428 419; x_wconf 86' lang='lat' dir='ltr'>plus</span> <span class='ocrx_word' id='word_1_8' title='bbox 448 357 496 402; x_wconf 90' lang='lat' dir='ltr'>me</span> <span class='ocrx_word' id='word_1_9' title='bbox 516 343 546 402; x_wconf 91' lang='lat' dir='ltr'>in</span> <span class='ocrx_word' id='word_1_10' title='bbox 566 342 618 402; x_wconf 89' lang='lat' dir='ltr'>hac</span> <span class='ocrx_word' id='word_1_11' title='bbox 631 342 694 419; x_wconf 89' lang='lat' dir='ltr'>spe,</span> <span class='ocrx_word' id='word_1_12' title='bbox 713 355 760 402; x_wconf 84' lang='lat' dir='ltr'>tua</span> <span class='ocrx_word' id='word_1_13' title='bbox 772 339 921 418; x_wconf 73' lang='lat' dir='ltr'>l’sapientia</span> <span class='ocrx_word' id='word_1_14' title='bbox 932 343 1073 411; x_wconf 78' lang='lat' dir='ltr'>bpatientia</span> 
     </span>
     <span class='ocr_line' id='line_1_3' title="bbox 51 414 996 508; baseline -0.001 -33"><span class='ocrx_word' id='word_1_15' title='bbox 51 416 251 476; x_wconf 84' lang='lat' dir='ltr'>&amp;humanitas</span> <span class='ocrx_word' id='word_1_16' title='bbox 264 419 443 490; x_wconf 84' lang='lat' dir='ltr'>consolatur,</span> <span class='ocrx_word' id='word_1_17' title='bbox 462 417 549 495; x_wconf 76' lang='lat' dir='ltr'>quam</span> <span class='ocrx_word' id='word_1_18' title='bbox 571 420 760 507; x_wconf 84' lang='lat' dir='ltr'>opportunitas</span> <span class='ocrx_word' id='word_1_19' title='bbox 778 421 920 508; x_wconf 81' lang='lat' dir='ltr'>temporis.</span> <span class='ocrx_word' id='word_1_20' title='bbox 929 414 996 462; x_wconf 73' lang='lat' dir='ltr'>om.</span> 
     </span>
    </p>
   </div>
   <div class='ocr_carea' id='block_1_3' title="bbox 48 490 1074 1948">
    <p class='ocr_par' dir='ltr' id='par_1_3' title="bbox 50 490 921 571">
     <span class='ocr_line' id='line_1_4' title="bbox 50 490 921 571; baseline 0.007 -21"><span class='ocrx_word' id='word_1_21' title='bbox 50 490 149 570; x_wconf 90' lang='lat' dir='ltr'>Itaque</span> <span class='ocrx_word' id='word_1_22' title='bbox 157 536 167 565; x_wconf 91' lang='lat'>,</span> <span class='ocrx_word' id='word_1_23' title='bbox 187 495 428 570; x_wconf 87' lang='lat' dir='ltr'>quemadmodum</span> <span class='ocrx_word' id='word_1_24' title='bbox 442 496 588 571; x_wconf 85' lang='lat' dir='ltr'>expediam</span> <span class='ocrx_word' id='word_1_25' title='bbox 602 507 708 555; x_wconf 80' lang='lat' dir='ltr'>erutum</span> <span class='ocrx_word' id='word_1_26' title='bbox 722 495 803 570; x_wconf 89' lang='lat' dir='ltr'>hujus</span> <span class='ocrx_word' id='word_1_27' title='bbox 816 495 921 556; x_wconf 81' lang='lat' dir='ltr'>uastatu-</span> 
     </span>
    </p>

    <p class='ocr_par' dir='ltr' id='par_1_4' title="bbox 48 571 922 726">
     <span class='ocr_line' id='line_1_5' title="bbox 48 571 921 649; baseline 0.005 -21"><span class='ocrx_word' id='word_1_28' title='bbox 48 579 89 629; x_wconf 85' lang='lat' dir='ltr'>tae</span> <span class='ocrx_word' id='word_1_29' title='bbox 109 571 265 640; x_wconf 86' lang='lat' dir='ltr'>orationis,</span> <span class='ocrx_word' id='word_1_30' title='bbox 285 590 345 631; x_wconf 91' lang='lat' dir='ltr'>non</span> <span class='ocrx_word' id='word_1_31' title='bbox 364 574 479 649; x_wconf 87' lang='lat' dir='ltr'><strong>reperio.</strong></span> <span class='ocrx_word' id='word_1_32' title='bbox 499 590 591 649; x_wconf 87' lang='lat' dir='ltr'>neque</span> <span class='ocrx_word' id='word_1_33' title='bbox 612 573 688 633; x_wconf 79' lang='lat' dir='ltr'>enirn</span> <span class='ocrx_word' id='word_1_34' title='bbox 707 571 803 630; x_wconf 83' lang='lat' dir='ltr'>tristius</span> <span class='ocrx_word' id='word_1_35' title='bbox 829 571 921 633; x_wconf 88' lang='lat' dir='ltr'>dicere</span> 
     </span>
     <span class='ocr_line' id='line_1_6' title="bbox 49 645 922 726; baseline 0.008 -23"><span class='ocrx_word' id='word_1_36' title='bbox 49 645 206 723; x_wconf 79' lang='lat' dir='ltr'>quidquam</span> <span class='ocrx_word' id='word_1_37' title='bbox 226 647 316 707; x_wconf 85' lang='lat' dir='ltr'>debeo</span> <span class='ocrx_word' id='word_1_38' title='bbox 338 665 372 707; x_wconf 84' lang='lat' dir='ltr'>ea</span> <span class='ocrx_word' id='word_1_39' title='bbox 391 649 427 708; x_wconf 88' lang='lat' dir='ltr'>de</span> <span class='ocrx_word' id='word_1_40' title='bbox 447 667 501 719; x_wconf 91' lang='lat' dir='ltr'>re,</span> <span class='ocrx_word' id='word_1_41' title='bbox 520 665 605 726; x_wconf 87' lang='lat' dir='ltr'>quam</span> <span class='ocrx_word' id='word_1_42' title='bbox 626 661 658 709; x_wconf 88' lang='lat' dir='ltr'>tu</span> <span class='ocrx_word' id='word_1_43' title='bbox 676 647 732 726; x_wconf 86' lang='lat' dir='ltr'>ipse</span> <span class='ocrx_word' id='word_1_44' title='bbox 747 658 776 703; x_wconf 78' lang='lat'>³²</span> <span class='ocrx_word' id='word_1_45' title='bbox 783 649 922 711; x_wconf 76' lang='lat' dir='ltr'>ominibus</span> 
     </span>
    </p>

    <p class='ocr_par' dir='ltr' id='par_1_5' title="bbox 51 722 924 803">
     <span class='ocr_line' id='line_1_7' title="bbox 51 722 924 803; baseline 0.006 -23"><span class='ocrx_word' id='word_1_46' title='bbox 51 722 165 797; x_wconf 88' lang='lat' dir='ltr'>optimis</span> <span class='ocrx_word' id='word_1_47' title='bbox 178 723 354 800; x_wconf 88' lang='lat' dir='ltr'>prosequeris.</span> <span class='ocrx_word' id='word_1_48' title='bbox 374 743 467 803; x_wconf 89' lang='lat' dir='ltr'>neque</span> <span class='ocrx_word' id='word_1_49' title='bbox 488 742 547 785; x_wconf 88' lang='lat' dir='ltr'>non</span> <span class='ocrx_word' id='word_1_50' title='bbox 568 744 615 785; x_wconf 88' lang='lat' dir='ltr'>me</span> <span class='ocrx_word' id='word_1_51' title='bbox 634 738 731 786; x_wconf 76' lang='lat' dir='ltr'>manen</span> <span class='ocrx_word' id='word_1_52' title='bbox 745 724 856 784; x_wconf 87' lang='lat' dir='ltr'>mordet</span> <span class='ocrx_word' id='word_1_53' title='bbox 874 726 924 785; x_wconf 84' lang='lat' dir='ltr'>ali-</span> 
     </span>
    </p>

    <p class='ocr_par' dir='ltr' id='par_1_6' title="bbox 52 799 924 879">
     <span class='ocr_line' id='line_1_8' title="bbox 52 799 924 879; baseline 0.007 -22"><span class='ocrx_word' id='word_1_54' title='bbox 52 799 143 874; x_wconf 87' lang='lat' dir='ltr'>quid:</span> <span class='ocrx_word' id='word_1_55' title='bbox 165 800 230 859; x_wconf 80' lang='lat' dir='ltr'>33in</span> <span class='ocrx_word' id='word_1_56' title='bbox 242 819 302 878; x_wconf 92' lang='lat' dir='ltr'>quo</span> <span class='ocrx_word' id='word_1_57' title='bbox 316 819 405 860; x_wconf 89' lang='lat' dir='ltr'>unum</span> <span class='ocrx_word' id='word_1_58' title='bbox 417 818 539 871; x_wconf 87' lang='lat' dir='ltr'>vereor,</span> <span class='ocrx_word' id='word_1_59' title='bbox 557 820 595 863; x_wconf 88' lang='lat' dir='ltr'>ne</span> <span class='ocrx_word' id='word_1_60' title='bbox 614 813 647 861; x_wconf 92' lang='lat' dir='ltr'>tu</span> <span class='ocrx_word' id='word_1_61' title='bbox 666 801 763 879; x_wconf 81' lang='lat' dir='ltr'>parum</span> <span class='ocrx_word' id='word_1_62' title='bbox 783 801 924 878; x_wconf 78' lang='lat' dir='ltr'>perspiciat</span> 
     </span>
    </p>

    <p class='ocr_par' dir='ltr' id='par_1_7' title="bbox 52 874 1074 1032">
     <span class='ocr_line' id='line_1_9' title="bbox 52 874 1074 1010; baseline 0 -75"><span class='ocrx_word' id='word_1_63' title='bbox 52 892 104 945; x_wconf 89' lang='lat' dir='ltr'>ea,</span> <span class='ocrx_word' id='word_1_64' title='bbox 122 892 188 1010; x_wconf 68' lang='lat' dir='ltr'>quae</span> <span class='ocrx_word' id='word_1_65' title='bbox 201 877 274 952; x_wconf 80' lang='lat' dir='ltr'>gesta</span> <span class='ocrx_word' id='word_1_66' title='bbox 286 877 365 948; x_wconf 89' lang='lat' dir='ltr'>sunt,</span> <span class='ocrx_word' id='word_1_67' title='bbox 379 879 414 937; x_wconf 90' lang='lat' dir='ltr'>ab</span> <span class='ocrx_word' id='word_1_68' title='bbox 426 878 503 937; x_wconf 76' lang='lat' dir='ltr'>caliis</span> <span class='ocrx_word' id='word_1_69' title='bbox 515 874 569 938; x_wconf 85' lang='lat' dir='ltr'>else</span> <span class='ocrx_word' id='word_1_70' title='bbox 581 879 652 956; x_wconf 80' lang='lat' dir='ltr'>gesta</span> <span class='ocrx_word' id='word_1_71' title='bbox 668 922 677 949; x_wconf 93' lang='lat'>,</span> <span class='ocrx_word' id='word_1_72' title='bbox 696 879 792 957; x_wconf 79' lang='lat' dir='ltr'>quibua</span> <span class='ocrx_word' id='word_1_73' title='bbox 812 895 866 955; x_wconf 82' lang='lat' dir='ltr'>ego</span> <span class='ocrx_word' id='word_1_74' title='bbox 886 882 946 939; x_wconf 84' lang='lat' dir='ltr'>ime</span> <span class='ocrx_word' id='word_1_75' title='bbox 960 881 1004 933; x_wconf 72' lang='lat' dir='ltr'>aut</span> <span class='ocrx_word' id='word_1_76' title='bbox 1017 877 1074 935; x_wconf 78' lang='lat' dir='ltr'>ulia.</span> 
     </span>
     <span class='ocr_line' id='line_1_10' title="bbox 53 951 924 1032; baseline 0.007 -22"><span class='ocrx_word' id='word_1_77' title='bbox 53 968 122 1011; x_wconf 89' lang='lat' dir='ltr'>man</span> <span class='ocrx_word' id='word_1_78' title='bbox 141 969 216 1012; x_wconf 83' lang='lat' dir='ltr'>amm</span> <span class='ocrx_word' id='word_1_79' title='bbox 232 996 242 1023; x_wconf 90' lang='lat'>,</span> <span class='ocrx_word' id='word_1_80' title='bbox 261 966 309 1023; x_wconf 90' lang='lat' dir='ltr'>ut,</span> <span class='ocrx_word' id='word_1_81' title='bbox 328 953 393 1013; x_wconf 78' lang='lat' dir='ltr'>cum</span> <span class='ocrx_word' id='word_1_82' title='bbox 412 966 471 1014; x_wconf 88' lang='lat' dir='ltr'>tam</span> <span class='ocrx_word' id='word_1_83' title='bbox 497 955 581 1032; x_wconf 77' lang='lat' dir='ltr'>longe</span> <span class='ocrx_word' id='word_1_84' title='bbox 601 956 740 1014; x_wconf 80' lang='lat' dir='ltr'>abluturus</span> <span class='ocrx_word' id='word_1_85' title='bbox 760 951 869 1026; x_wconf 77' lang='lat' dir='ltr'>etiem,</span> <span class='ocrx_word' id='word_1_86' title='bbox 889 954 924 1016; x_wconf 88' lang='lat' dir='ltr'>ad</span> 
     </span>
    </p>

    <p class='ocr_par' dir='ltr' id='par_1_8' title="bbox 54 1030 925 1108">
     <span class='ocr_line' id='line_1_11' title="bbox 54 1030 925 1108; baseline 0.007 -23"><span class='ocrx_word' id='word_1_87' title='bbox 54 1044 103 1086; x_wconf 89' lang='lat' dir='ltr'>me</span> <span class='ocrx_word' id='word_1_88' title='bbox 118 1045 154 1087; x_wconf 91' lang='lat' dir='ltr'>ne</span> <span class='ocrx_word' id='word_1_89' title='bbox 174 1030 331 1089; x_wconf 82' lang='lat' dir='ltr'>referrent:</span> <span class='ocrx_word' id='word_1_90' title='bbox 351 1044 487 1107; x_wconf 81' lang='lat' dir='ltr'>agerent,</span> <span class='ocrx_word' id='word_1_91' title='bbox 506 1032 584 1108; x_wconf 92' lang='lat' dir='ltr'>quod</span> <span class='ocrx_word' id='word_1_92' title='bbox 603 1031 764 1108; x_wconf 85' lang='lat' dir='ltr'>probaffent.</span> <span class='ocrx_word' id='word_1_93' title='bbox 804 1031 837 1091; x_wconf 91' lang='lat' dir='ltr'>In</span> <span class='ocrx_word' id='word_1_94' title='bbox 868 1033 925 1091; x_wconf 88' lang='lat' dir='ltr'>hoc</span> 
     </span>
    </p>

    <p class='ocr_par' dir='ltr' id='par_1_9' title="bbox 54 1103 927 1185">
     <span class='ocr_line' id='line_1_12' title="bbox 54 1103 927 1185; baseline 0.003 -20"><span class='ocrx_word' id='word_1_95' title='bbox 54 1115 152 1165; x_wconf 88' lang='lat' dir='ltr'>autem</span> <span class='ocrx_word' id='word_1_96' title='bbox 165 1105 234 1165; x_wconf 90' lang='lat' dir='ltr'>mihi</span> <span class='ocrx_word' id='word_1_97' title='bbox 246 1103 313 1167; x_wconf 89' lang='lat' dir='ltr'>illud</span> <span class='ocrx_word' id='word_1_98' title='bbox 326 1109 453 1167; x_wconf 88' lang='lat' dir='ltr'>occurrit.</span> <span class='ocrx_word' id='word_1_99' title='bbox 492 1109 570 1184; x_wconf 90' lang='lat' dir='ltr'>Quid</span> <span class='ocrx_word' id='word_1_100' title='bbox 582 1121 613 1167; x_wconf 93' lang='lat' dir='ltr'>tu</span> <span class='ocrx_word' id='word_1_101' title='bbox 626 1111 730 1185; x_wconf 85' lang='lat' dir='ltr'>igitur,</span> <span class='ocrx_word' id='word_1_102' title='bbox 750 1108 770 1168; x_wconf 89' lang='lat' dir='ltr'>fi</span> <span class='ocrx_word' id='word_1_103' title='bbox 783 1106 899 1168; x_wconf 87' lang='lat' dir='ltr'>affuiffes</span> <span class='ocrx_word' id='word_1_104' title='bbox 913 1107 927 1167; x_wconf 72' lang='lat' dir='ltr'>l</span> 
     </span>
    </p>

    <p class='ocr_par' dir='ltr' id='par_1_10' title="bbox 56 1178 924 1259">
     <span class='ocr_line' id='line_1_13' title="bbox 56 1178 924 1259; baseline 0.008 -21"><span class='ocrx_word' id='word_1_105' title='bbox 56 1178 131 1239; x_wconf 90' lang='lat' dir='ltr'>Rem</span> <span class='ocrx_word' id='word_1_106' title='bbox 145 1180 307 1256; x_wconf 82' lang='lat' dir='ltr'>probalsem.</span> <span class='ocrx_word' id='word_1_107' title='bbox 325 1184 362 1244; x_wconf 92' lang='lat' dir='ltr'>de</span> <span class='ocrx_word' id='word_1_108' title='bbox 373 1197 518 1259; x_wconf 90' lang='lat' dir='ltr'>tempore,</span> <span class='ocrx_word' id='word_1_109' title='bbox 537 1186 605 1243; x_wconf 90' lang='lat' dir='ltr'>nibil</span> <span class='ocrx_word' id='word_1_110' title='bbox 617 1196 647 1243; x_wconf 92' lang='lat' dir='ltr'>te</span> <span class='ocrx_word' id='word_1_111' title='bbox 659 1186 767 1255; x_wconf 90' lang='lat' dir='ltr'>invito,</span> <span class='ocrx_word' id='word_1_112' title='bbox 786 1186 855 1245; x_wconf 90' lang='lat' dir='ltr'>nibil</span> <span class='ocrx_word' id='word_1_113' title='bbox 867 1186 924 1245; x_wconf 81' lang='lat' dir='ltr'>sane</span> 
     </span>
    </p>

    <p class='ocr_par' dir='ltr' id='par_1_11' title="bbox 55 1251 1074 1564">
     <span class='ocr_line' id='line_1_14' title="bbox 56 1251 1065 1336; baseline 0.008 -22"><span class='ocrx_word' id='word_1_114' title='bbox 56 1255 174 1316; x_wconf 83' lang='lat' dir='ltr'>confilio</span> <span class='ocrx_word' id='word_1_115' title='bbox 202 1257 314 1334; x_wconf 78' lang='lat' dir='ltr'>&#39;egissem</span> <span class='ocrx_word' id='word_1_116' title='bbox 339 1272 399 1320; x_wconf 88' lang='lat' dir='ltr'>tuo.</span> <span class='ocrx_word' id='word_1_117' title='bbox 438 1260 524 1319; x_wconf 89' lang='lat' dir='ltr'>Vides</span> <span class='ocrx_word' id='word_1_118' title='bbox 542 1258 656 1320; x_wconf 77' lang='lat' dir='ltr'>dsudare</span> <span class='ocrx_word' id='word_1_119' title='bbox 675 1280 740 1332; x_wconf 88' lang='lat' dir='ltr'>me,</span> <span class='ocrx_word' id='word_1_120' title='bbox 755 1253 951 1336; x_wconf 79' lang='lat' dir='ltr'>jamdudumd</span> <span class='ocrx_word' id='word_1_121' title='bbox 966 1251 1065 1334; x_wconf 30' lang='lat' dir='ltr'>suadere*</span> 
     </span>
     <span class='ocr_line' id='line_1_15' title="bbox 55 1320 1074 1414; baseline 0.007 -22"><span class='ocrx_word' id='word_1_122' title='bbox 55 1330 246 1404; x_wconf 85' lang='lat' dir='ltr'>laborantem,</span> <span class='ocrx_word' id='word_1_123' title='bbox 266 1338 414 1414; x_wconf 91' lang='lat' dir='ltr'>quomodo</span> <span class='ocrx_word' id='word_1_124' title='bbox 447 1356 479 1396; x_wconf 91' lang='lat' dir='ltr'>ea</span> <span class='ocrx_word' id='word_1_125' title='bbox 505 1348 601 1407; x_wconf 89' lang='lat' dir='ltr'>tuear,</span> <span class='ocrx_word' id='word_1_126' title='bbox 621 1354 685 1414; x_wconf 88' lang='lat' dir='ltr'>quae</span> <span class='ocrx_word' id='word_1_127' title='bbox 720 1339 789 1396; x_wconf 89' lang='lat' dir='ltr'>mihi</span> <span class='ocrx_word' id='word_1_128' title='bbox 823 1320 1074 1398; x_wconf 58' lang='lat' dir='ltr'>tuendamsme.</span> 
     </span>
     <span class='ocr_line' id='line_1_16' title="bbox 56 1407 928 1490; baseline 0.006 -22"><span class='ocrx_word' id='word_1_129' title='bbox 56 1407 136 1478; x_wconf 87' lang='lat' dir='ltr'>sunt,</span> <span class='ocrx_word' id='word_1_130' title='bbox 157 1412 187 1468; x_wconf 91' lang='lat'><strong>&amp;</strong></span> <span class='ocrx_word' id='word_1_131' title='bbox 205 1423 235 1469; x_wconf 91' lang='lat' dir='ltr'>te</span> <span class='ocrx_word' id='word_1_132' title='bbox 247 1431 306 1472; x_wconf 93' lang='lat' dir='ltr'>non</span> <span class='ocrx_word' id='word_1_133' title='bbox 320 1410 472 1474; x_wconf 84' lang='lat' dir='ltr'>offendam.</span> <span class='ocrx_word' id='word_1_134' title='bbox 510 1414 589 1472; x_wconf 84' lang='lat' dir='ltr'>Leva</span> <span class='ocrx_word' id='word_1_135' title='bbox 603 1431 649 1471; x_wconf 89' lang='lat' dir='ltr'>me</span> <span class='ocrx_word' id='word_1_136' title='bbox 662 1414 743 1490; x_wconf 87' lang='lat' dir='ltr'>igitur</span> <span class='ocrx_word' id='word_1_137' title='bbox 762 1415 818 1473; x_wconf 90' lang='lat' dir='ltr'>hoc</span> <span class='ocrx_word' id='word_1_138' title='bbox 832 1431 928 1474; x_wconf 88' lang='lat' dir='ltr'>onere.</span> 
     </span>
     <span class='ocr_line' id='line_1_17' title="bbox 57 1487 964 1564; baseline 0.007 -20"><span class='ocrx_word' id='word_1_139' title='bbox 57 1498 216 1564; x_wconf 88' lang='lat' dir='ltr'>numquam</span> <span class='ocrx_word' id='word_1_140' title='bbox 230 1490 305 1550; x_wconf 90' lang='lat' dir='ltr'>enim</span> <span class='ocrx_word' id='word_1_141' title='bbox 319 1491 388 1549; x_wconf 90' lang='lat' dir='ltr'>mihi</span> <span class='ocrx_word' id='word_1_142' title='bbox 408 1489 506 1550; x_wconf 85' lang='lat' dir='ltr'>videor</span> <span class='ocrx_word' id='word_1_143' title='bbox 524 1487 645 1550; x_wconf 73' lang='lat' dir='ltr'>tradiaffe</span> <span class='ocrx_word' id='word_1_144' title='bbox 665 1491 772 1549; x_wconf 88' lang='lat' dir='ltr'>causam</span> <span class='ocrx_word' id='word_1_145' title='bbox 793 1490 928 1550; x_wconf 86' lang='lat' dir='ltr'>difficilio·</span> <span class='ocrx_word' id='word_1_146' title='bbox 961 1534 964 1539; x_wconf 68' lang='lat'>,</span> 
     </span>
    </p>

    <p class='ocr_par' dir='ltr' id='par_1_12' title="bbox 58 1563 929 1653">
     <span class='ocr_line' id='line_1_18' title="bbox 58 1563 929 1653; baseline 0.007 -30"><span class='ocrx_word' id='word_1_147' title='bbox 58 1576 130 1623; x_wconf 87' lang='lat' dir='ltr'>rem.</span> <span class='ocrx_word' id='word_1_148' title='bbox 170 1563 213 1622; x_wconf 90' lang='lat' dir='ltr'>Sic</span> <span class='ocrx_word' id='word_1_149' title='bbox 226 1565 327 1625; x_wconf 87' lang='lat' dir='ltr'>habeto</span> <span class='ocrx_word' id='word_1_150' title='bbox 341 1579 458 1626; x_wconf 87' lang='lat' dir='ltr'>tamen:</span> <span class='ocrx_word' id='word_1_151' title='bbox 479 1565 529 1626; x_wconf 83' lang='lat' dir='ltr'>nifi</span> <span class='ocrx_word' id='word_1_152' title='bbox 539 1568 598 1653; x_wconf 86' lang='lat' dir='ltr'>jam</span> <span class='ocrx_word' id='word_1_153' title='bbox 618 1579 685 1625; x_wconf 89' lang='lat' dir='ltr'>tunc</span> <span class='ocrx_word' id='word_1_154' title='bbox 707 1569 852 1626; x_wconf 88' lang='lat' dir='ltr'>omniane</span> <span class='ocrx_word' id='word_1_155' title='bbox 872 1569 929 1629; x_wconf 77' lang='lat' dir='ltr'>otia</span> 
     </span>
    </p>

    <p class='ocr_par' dir='ltr' id='par_1_13' title="bbox 59 1638 928 1719">
     <span class='ocr_line' id='line_1_19' title="bbox 59 1638 928 1719; baseline 0.006 -22"><span class='ocrx_word' id='word_1_156' title='bbox 59 1655 129 1697; x_wconf 85' lang='lat' dir='ltr'>eum</span> <span class='ocrx_word' id='word_1_157' title='bbox 148 1638 256 1700; x_wconf 91' lang='lat' dir='ltr'>summa</span> <span class='ocrx_word' id='word_1_158' title='bbox 276 1653 322 1700; x_wconf 89' lang='lat' dir='ltr'>tua</span> <span class='ocrx_word' id='word_1_159' title='bbox 341 1642 474 1719; x_wconf 86' lang='lat' dir='ltr'>dignitate</span> <span class='ocrx_word' id='word_1_160' title='bbox 500 1640 697 1719; x_wconf 76' lang='lat' dir='ltr'>dihgeutiilime</span> <span class='ocrx_word' id='word_1_161' title='bbox 725 1645 835 1702; x_wconf 81' lang='lat' dir='ltr'>confeci</span> <span class='ocrx_word' id='word_1_162' title='bbox 857 1663 928 1714; x_wconf 83' lang='lat' dir='ltr'>ean,</span> 
     </span>
    </p>

    <p class='ocr_par' dir='ltr' id='par_1_14' title="bbox 59 1715 931 1795">
     <span class='ocr_line' id='line_1_20' title="bbox 59 1715 931 1795; baseline 0.005 -21"><span class='ocrx_word' id='word_1_163' title='bbox 59 1715 171 1775; x_wconf 82' lang='lat' dir='ltr'>tametii</span> <span class='ocrx_word' id='word_1_164' title='bbox 183 1718 250 1776; x_wconf 89' lang='lat' dir='ltr'>nihil</span> <span class='ocrx_word' id='word_1_165' title='bbox 263 1718 405 1777; x_wconf 87' lang='lat' dir='ltr'>videbatur</span> <span class='ocrx_word' id='word_1_166' title='bbox 418 1719 454 1779; x_wconf 91' lang='lat' dir='ltr'>ad</span> <span class='ocrx_word' id='word_1_167' title='bbox 468 1736 564 1777; x_wconf 87' lang='lat' dir='ltr'>meum</span> <span class='ocrx_word' id='word_1_168' title='bbox 585 1736 648 1795; x_wconf 85' lang='lat' dir='ltr'>erga</span> <span class='ocrx_word' id='word_1_169' title='bbox 668 1730 696 1776; x_wconf 92' lang='lat' dir='ltr'>te</span> <span class='ocrx_word' id='word_1_170' title='bbox 716 1719 855 1794; x_wconf 83' lang='lat' dir='ltr'>pristinum</span> <span class='ocrx_word' id='word_1_171' title='bbox 876 1720 931 1778; x_wconf 86' lang='lat' dir='ltr'>stu·</span> 
     </span>
    </p>

    <p class='ocr_par' dir='ltr' id='par_1_15' title="bbox 60 1790 931 1868">
     <span class='ocr_line' id='line_1_21' title="bbox 60 1790 931 1868; baseline 0.003 -17"><span class='ocrx_word' id='word_1_172' title='bbox 60 1790 141 1851; x_wconf 88' lang='lat' dir='ltr'>dium</span> <span class='ocrx_word' id='word_1_173' title='bbox 155 1792 218 1852; x_wconf 89' lang='lat' dir='ltr'>addi</span> <span class='ocrx_word' id='word_1_174' title='bbox 231 1790 323 1868; x_wconf 76' lang='lat' dir='ltr'>polle:</span> <span class='ocrx_word' id='word_1_175' title='bbox 342 1807 455 1864; x_wconf 88' lang='lat' dir='ltr'>tamen,</span> <span class='ocrx_word' id='word_1_176' title='bbox 470 1795 557 1852; x_wconf 71' lang='lat' dir='ltr'>eahae</span> <span class='ocrx_word' id='word_1_177' title='bbox 570 1796 639 1853; x_wconf 89' lang='lat' dir='ltr'>mihi</span> <span class='ocrx_word' id='word_1_178' title='bbox 651 1795 781 1853; x_wconf 88' lang='lat' dir='ltr'>affinitate</span> <span class='ocrx_word' id='word_1_179' title='bbox 794 1799 931 1855; x_wconf 89' lang='lat' dir='ltr'>renuntia·</span> 
     </span>
    </p>

    <p class='ocr_par' dir='ltr' id='par_1_16' title="bbox 60 1869 932 1948">
     <span class='ocr_line' id='line_1_22' title="bbox 60 1869 932 1948; baseline 0.001 -21"><span class='ocrx_word' id='word_1_180' title='bbox 60 1877 108 1941; x_wconf 86' lang='lat' dir='ltr'>ta,</span> <span class='ocrx_word' id='word_1_181' title='bbox 126 1878 188 1929; x_wconf 84' lang='lat' dir='ltr'>non</span> <span class='ocrx_word' id='word_1_182' title='bbox 201 1872 309 1947; x_wconf 85' lang='lat' dir='ltr'>majore</span> <span class='ocrx_word' id='word_1_183' title='bbox 323 1871 454 1948; x_wconf 87' lang='lat' dir='ltr'>equidem</span> <span class='ocrx_word' id='word_1_184' title='bbox 467 1869 575 1942; x_wconf 88' lang='lat' dir='ltr'>studio,</span> <span class='ocrx_word' id='word_1_185' title='bbox 593 1870 639 1929; x_wconf 90' lang='lat' dir='ltr'>sed</span> <span class='ocrx_word' id='word_1_186' title='bbox 663 1869 772 1941; x_wconf 74' lang='lat' dir='ltr'>arride,</span> <span class='ocrx_word' id='word_1_187' title='bbox 791 1871 907 1946; x_wconf 74' lang='lat' dir='ltr'>apertius</span> <span class='ocrx_word' id='word_1_188' title='bbox 923 1916 932 1941; x_wconf 97' lang='lat'>,</span> 
     </span>
    </p>
   </div>
   <div class='ocr_carea' id='block_1_4' title="bbox 855 1944 935 2024">
    <p class='ocr_par' dir='ltr' id='par_1_17' title="bbox 855 1944 935 2024">
     <span class='ocr_line' id='line_1_23' title="bbox 855 1944 935 2024; baseline 0 -21"><span class='ocrx_word' id='word_1_189' title='bbox 855 1944 935 2024; x_wconf 74' lang='lat' dir='ltr'>fign-</span> 
     </span>
    </p>
   </div>
   <div class='ocr_carea' id='block_1_5' title="bbox 63 2154 1030 3659">
    <p class='ocr_par' dir='ltr' id='par_1_18' title="bbox 63 2154 935 2289">
     <span class='ocr_line' id='line_1_24' title="bbox 63 2154 935 2227; baseline 0.003 -20"><span class='ocrx_word' id='word_1_190' title='bbox 63 2154 106 2207; x_wconf 63' lang='grc' dir='ltr'>ὡς</span> <span class='ocrx_word' id='word_1_191' title='bbox 116 2158 226 2210; x_wconf 76' lang='lat' dir='ltr'>Gronov.</span> <span class='ocrx_word' id='word_1_192' title='bbox 247 2168 320 2225; x_wconf 87' lang='lat' dir='ltr'>quem</span> <span class='ocrx_word' id='word_1_193' title='bbox 336 2156 369 2210; x_wconf 85' lang='lat' dir='ltr'>ibi</span> <span class='ocrx_word' id='word_1_194' title='bbox 384 2156 444 2211; x_wconf 79' lang='lat' dir='ltr'>vide</span> <span class='ocrx_word' id='word_1_195' title='bbox 459 2159 540 2227; x_wconf 71' lang='lat' dir='ltr'>,vulgo</span> <span class='ocrx_word' id='word_1_196' title='bbox 556 2157 642 2226; x_wconf 78' lang='lat' dir='ltr'>legitur</span> <span class='ocrx_word' id='word_1_197' title='bbox 651 2156 765 2220; x_wconf 73' lang='lat' dir='ltr'>feliciores.</span> <span class='ocrx_word' id='word_1_198' title='bbox 798 2157 845 2209; x_wconf 77' lang='lat' dir='ltr'>Hic</span> <span class='ocrx_word' id='word_1_199' title='bbox 853 2170 935 2211; x_wconf 85' lang='lat' dir='ltr'>tamen</span> 
     </span>
     <span class='ocr_line' id='line_1_25' title="bbox 64 2222 636 2289; baseline 0 -17"><span class='ocrx_word' id='word_1_200' title='bbox 64 2223 167 2288; x_wconf 75' lang='lat' dir='ltr'>vulgata</span> <span class='ocrx_word' id='word_1_201' title='bbox 174 2223 248 2272; x_wconf 74' lang='lat' dir='ltr'>lebtio</span> <span class='ocrx_word' id='word_1_202' title='bbox 259 2222 350 2272; x_wconf 84' lang='lat' dir='ltr'>videtur</span> <span class='ocrx_word' id='word_1_203' title='bbox 360 2223 511 2289; x_wconf 70' lang='lat' dir='ltr'>preferenda.</span> <span class='ocrx_word' id='word_1_204' title='bbox 528 2228 636 2272; x_wconf 76' lang='lat' dir='ltr'>Gravius.</span> 
     </span>
    </p>

    <p class='ocr_par' dir='ltr' id='par_1_19' title="bbox 65 2284 941 2727">
     <span class='ocr_line' id='line_1_26' title="bbox 98 2284 936 2353; baseline -0.001 -18"><span class='ocrx_word' id='word_1_205' title='bbox 98 2302 138 2343; x_wconf 63' lang='grc' dir='ltr'>ει.</span> <span class='ocrx_word' id='word_1_206' title='bbox 155 2288 267 2335; x_wconf 76' lang='lat' dir='ltr'>ominibus</span> <span class='ocrx_word' id='word_1_207' title='bbox 276 2290 360 2350; x_wconf 76' lang='lat' dir='ltr'>optimis</span> <span class='ocrx_word' id='word_1_208' title='bbox 371 2286 520 2353; x_wconf 63' lang='lat' dir='ltr'>prosequare]</span> <span class='ocrx_word' id='word_1_209' title='bbox 534 2285 574 2336; x_wconf 80' lang='lat' dir='ltr'>Est</span> <span class='ocrx_word' id='word_1_210' title='bbox 584 2284 687 2352; x_wconf 81' lang='lat' dir='ltr'>personae</span> <span class='ocrx_word' id='word_1_211' title='bbox 696 2286 735 2335; x_wconf 86' lang='lat' dir='ltr'>vel</span> <span class='ocrx_word' id='word_1_212' title='bbox 748 2286 780 2336; x_wconf 88' lang='lat' dir='ltr'>rei</span> <span class='ocrx_word' id='word_1_213' title='bbox 790 2284 860 2334; x_wconf 82' lang='lat' dir='ltr'>alicui</span> <span class='ocrx_word' id='word_1_214' title='bbox 869 2285 936 2334; x_wconf 80' lang='lat' dir='ltr'>fave·</span> 
     </span>
     <span class='ocr_line' id='line_1_27' title="bbox 65 2347 936 2414; baseline 0 -16"><span class='ocrx_word' id='word_1_215' title='bbox 65 2361 92 2398; x_wconf 87' lang='lat' dir='ltr'>re</span> <span class='ocrx_word' id='word_1_216' title='bbox 106 2362 135 2396; x_wconf 85' lang='lat' dir='ltr'>ac</span> <span class='ocrx_word' id='word_1_217' title='bbox 152 2348 263 2414; x_wconf 55' lang='lat' dir='ltr'>mutilari</span> <span class='ocrx_word' id='word_1_218' title='bbox 280 2349 504 2407; x_wconf 83' lang='lat' dir='ltr'>acclamationibus,</span> <span class='ocrx_word' id='word_1_219' title='bbox 530 2348 613 2414; x_wconf 86' lang='lat' dir='ltr'>quibus</span> <span class='ocrx_word' id='word_1_220' title='bbox 631 2351 653 2398; x_wconf 86' lang='lat' dir='ltr'>ei</span> <span class='ocrx_word' id='word_1_221' title='bbox 672 2347 746 2398; x_wconf 75' lang='lat' dir='ltr'>faida</span> <span class='ocrx_word' id='word_1_222' title='bbox 761 2351 895 2408; x_wconf 81' lang='lat' dir='ltr'>ominamau</span> <span class='ocrx_word' id='word_1_223' title='bbox 909 2352 936 2399; x_wconf 70' lang='lat' dir='ltr'>de</span> 
     </span>
     <span class='ocr_line' id='line_1_28' title="bbox 67 2411 936 2479; baseline 0 -20"><span class='ocrx_word' id='word_1_224' title='bbox 67 2424 187 2475; x_wconf 66' lang='lat' dir='ltr'>optamus.</span> <span class='ocrx_word' id='word_1_225' title='bbox 203 2416 264 2460; x_wconf 88' lang='lat' dir='ltr'>Suet.</span> <span class='ocrx_word' id='word_1_226' title='bbox 276 2411 372 2479; x_wconf 81' lang='lat' dir='ltr'>August.</span> <span class='ocrx_word' id='word_1_227' title='bbox 383 2428 403 2462; x_wconf 86' lang='lat' dir='ltr'>c.</span> <span class='ocrx_word' id='word_1_228' title='bbox 411 2423 448 2469; x_wconf 78' lang='lat'>9⁸.</span> <span class='ocrx_word' id='word_1_229' title='bbox 470 2418 532 2461; x_wconf 82' lang='lat' dir='ltr'>Forte</span> <span class='ocrx_word' id='word_1_230' title='bbox 546 2416 685 2460; x_wconf 74' lang='lat' dir='ltr'>Puteolanum</span> <span class='ocrx_word' id='word_1_231' title='bbox 701 2414 772 2472; x_wconf 80' lang='lat' dir='ltr'>finum</span> <span class='ocrx_word' id='word_1_232' title='bbox 784 2415 936 2475; x_wconf 76' lang='lat' dir='ltr'>prareruehm·</span> 
     </span>
     <span class='ocr_line' id='line_1_29' title="bbox 68 2475 938 2540; baseline 0.003 -22"><span class='ocrx_word' id='word_1_233' title='bbox 68 2482 99 2518; x_wconf 83' lang='lat' dir='ltr'>tes</span> <span class='ocrx_word' id='word_1_234' title='bbox 114 2476 205 2523; x_wconf 72' lang='lat' dir='ltr'>acuam</span> <span class='ocrx_word' id='word_1_235' title='bbox 219 2488 328 2540; x_wconf 76' lang='lat' dir='ltr'>nautaque</span> <span class='ocrx_word' id='word_1_236' title='bbox 343 2479 368 2524; x_wconf 81' lang='lat' dir='ltr'>de</span> <span class='ocrx_word' id='word_1_237' title='bbox 380 2494 438 2525; x_wconf 79' lang='lat' dir='ltr'>me</span> <span class='ocrx_word' id='word_1_238' title='bbox 453 2477 610 2524; x_wconf 71' lang='lat' dir='ltr'>,Alexandrina</span> <span class='ocrx_word' id='word_1_239' title='bbox 619 2475 694 2535; x_wconf 75' lang='lat' dir='ltr'>fausta</span> <span class='ocrx_word' id='word_1_240' title='bbox 709 2479 780 2523; x_wconf 80' lang='lat' dir='ltr'>omina</span> <span class='ocrx_word' id='word_1_241' title='bbox 799 2476 825 2527; x_wconf 73' lang='lat' dir='ltr'>dr</span> <span class='ocrx_word' id='word_1_242' title='bbox 846 2478 938 2522; x_wconf 77' lang='lat' dir='ltr'>eximiae</span> 
     </span>
     <span class='ocr_line' id='line_1_30' title="bbox 68 2536 939 2601; baseline 0 -18"><span class='ocrx_word' id='word_1_243' title='bbox 68 2536 144 2583; x_wconf 75' lang='lat' dir='ltr'>laudas</span> <span class='ocrx_word' id='word_1_244' title='bbox 160 2540 300 2601; x_wconf 80' lang='lat' dir='ltr'>rongefferanr.</span> <span class='ocrx_word' id='word_1_245' title='bbox 327 2540 404 2589; x_wconf 84' lang='lat' dir='ltr'>Tacit.</span> <span class='ocrx_word' id='word_1_246' title='bbox 420 2538 471 2590; x_wconf 89' lang='lat' dir='ltr'>Lib.</span> <span class='ocrx_word' id='word_1_247' title='bbox 484 2554 522 2589; x_wconf 83' lang='lat' dir='ltr'>xv.</span> <span class='ocrx_word' id='word_1_248' title='bbox 545 2538 634 2588; x_wconf 79' lang='lat' dir='ltr'>Annal.</span> <span class='ocrx_word' id='word_1_249' title='bbox 657 2540 729 2585; x_wconf 77' lang='lat' dir='ltr'>Simul</span> <span class='ocrx_word' id='word_1_250' title='bbox 746 2539 834 2600; x_wconf 79' lang='lat' dir='ltr'>populus</span> <span class='ocrx_word' id='word_1_251' title='bbox 852 2538 939 2599; x_wconf 79' lang='lat' dir='ltr'>effigiem</span> 
     </span>
     <span class='ocr_line' id='line_1_31' title="bbox 70 2600 941 2666; baseline 0 -19"><span class='ocrx_word' id='word_1_252' title='bbox 70 2603 199 2663; x_wconf 59' lang='lat' dir='ltr'>,Agrappina</span> <span class='ocrx_word' id='word_1_253' title='bbox 209 2617 282 2662; x_wconf 83' lang='lat' dir='ltr'>gerens</span> <span class='ocrx_word' id='word_1_254' title='bbox 298 2602 430 2663; x_wconf 75' lang='lat' dir='ltr'>circamſsstia</span> <span class='ocrx_word' id='word_1_255' title='bbox 447 2619 553 2660; x_wconf 74' lang='lat' dir='ltr'>auream,</span> <span class='ocrx_word' id='word_1_256' title='bbox 569 2602 673 2666; x_wconf 70' lang='lat' dir='ltr'>fista‘tque</span> <span class='ocrx_word' id='word_1_257' title='bbox 689 2602 712 2647; x_wconf 74' lang='lat' dir='ltr'>in</span> <span class='ocrx_word' id='word_1_258' title='bbox 723 2602 821 2662; x_wconf 68' lang='lat' dir='ltr'>vastarem</span> <span class='ocrx_word' id='word_1_259' title='bbox 836 2600 941 2647; x_wconf 72' lang='lat' dir='ltr'>ominibus</span> 
     </span>
     <span class='ocr_line' id='line_1_32' title="bbox 69 2662 433 2727; baseline 0.016 -18"><span class='ocrx_word' id='word_1_260' title='bbox 69 2662 185 2720; x_wconf 73' lang='lat' dir='ltr'>clamitat,</span> <span class='ocrx_word' id='word_1_261' title='bbox 200 2663 244 2714; x_wconf 74' lang='lat' dir='ltr'>dac.</span> <span class='ocrx_word' id='word_1_262' title='bbox 262 2663 315 2727; x_wconf 66' lang='grc' dir='ltr'>Π.</span> <span class='ocrx_word' id='word_1_263' title='bbox 326 2667 433 2715; x_wconf 83' lang='lat' dir='ltr'>Gronov.</span> 
     </span>
    </p>

    <p class='ocr_par' dir='ltr' id='par_1_20' title="bbox 71 2722 1025 3166">
     <span class='ocr_line' id='line_1_33' title="bbox 104 2722 944 2799; baseline -0.001 -27"><span class='ocrx_word' id='word_1_264' title='bbox 104 2740 143 2799; x_wconf 79' lang='lat'>³³:</span> <span class='ocrx_word' id='word_1_265' title='bbox 157 2731 188 2799; x_wconf 30' lang='lat' dir='ltr'>‘ln</span> <span class='ocrx_word' id='word_1_266' title='bbox 198 2741 239 2789; x_wconf 70' lang='lat' dir='ltr'>qua</span> <span class='ocrx_word' id='word_1_267' title='bbox 248 2743 314 2773; x_wconf 80' lang='lat' dir='ltr'>unum</span> <span class='ocrx_word' id='word_1_268' title='bbox 323 2743 409 2785; x_wconf 78' lang='lat' dir='ltr'>vereor,</span> <span class='ocrx_word' id='word_1_269' title='bbox 421 2744 450 2775; x_wconf 74' lang='lat' dir='ltr'>aaa</span> <span class='ocrx_word' id='word_1_270' title='bbox 460 2740 486 2774; x_wconf 80' lang='lat' dir='ltr'>tu</span> <span class='ocrx_word' id='word_1_271' title='bbox 499 2739 575 2790; x_wconf 70' lang='lat' dir='ltr'>perum</span> <span class='ocrx_word' id='word_1_272' title='bbox 586 2726 652 2788; x_wconf 54' lang='grc' dir='ltr'>ρπβ]</span> <span class='ocrx_word' id='word_1_273' title='bbox 672 2723 761 2775; x_wconf 83' lang='lat' dir='ltr'>Omnia</span> <span class='ocrx_word' id='word_1_274' title='bbox 775 2757 783 2782; x_wconf 86' lang='lat'>,</span> <span class='ocrx_word' id='word_1_275' title='bbox 799 2737 849 2789; x_wconf 71' lang='lat' dir='ltr'>qure</span> <span class='ocrx_word' id='word_1_276' title='bbox 864 2722 944 2798; x_wconf 69' lang='lat' dir='ltr'>videre</span> 
     </span>
     <span class='ocr_line' id='line_1_34' title="bbox 71 2786 943 2917; baseline -0.003 -17"><span class='ocrx_word' id='word_1_277' title='bbox 71 2787 616 2917; x_wconf 46' lang='lat' dir='ltr'>brebiati?triturabitur&amp;</span> <span class='ocrx_word' id='word_1_278' title='bbox 621 2799 740 2915; x_wconf 60' lang='lat' dir='ltr'>,librali</span> <span class='ocrx_word' id='word_1_279' title='bbox 752 2786 943 2915; x_wconf 58' lang='lat' dir='ltr'>lbiili‘mihi</span> 
     </span>
     <span class='ocr_line' id='line_1_35' title="bbox 71 2906 1025 2978; baseline -0.004 -15"><span class='ocrx_word' id='word_1_280' title='bbox 71 2912 121 2963; x_wconf 83' lang='lat' dir='ltr'>illis</span> <span class='ocrx_word' id='word_1_281' title='bbox 132 2912 171 2961; x_wconf 84' lang='lat' dir='ltr'>vel</span> <span class='ocrx_word' id='word_1_282' title='bbox 184 2914 235 2963; x_wconf 84' lang='lat' dir='ltr'>aliis</span> <span class='ocrx_word' id='word_1_283' title='bbox 245 2912 322 2978; x_wconf 84' lang='lat' dir='ltr'>gesta,</span> <span class='ocrx_word' id='word_1_284' title='bbox 338 2917 386 2968; x_wconf 74' lang='grc' dir='ltr'>διε.</span> <span class='ocrx_word' id='word_1_285' title='bbox 403 2922 507 2965; x_wconf 76' lang='lat' dir='ltr'>camarar.</span> <span class='ocrx_word' id='word_1_286' title='bbox 540 2921 692 2973; x_wconf 78' lang='lat' dir='ltr'>Inqmunaam</span> <span class='ocrx_word' id='word_1_287' title='bbox 703 2914 855 2962; x_wconf 73' lang='lat' dir='ltr'>modouereor.</span> <span class='ocrx_word' id='word_1_288' title='bbox 871 2916 944 2959; x_wconf 81' lang='lat' dir='ltr'>Vete-</span> <span class='ocrx_word' id='word_1_289' title='bbox 1017 2906 1025 2927; x_wconf 88' lang='lat'><em>&#39;</em></span> 
     </span>
     <span class='ocr_line' id='line_1_36' title="bbox 73 2973 945 3043; baseline -0.003 -19"><span class='ocrx_word' id='word_1_290' title='bbox 73 2988 128 3024; x_wconf 85' lang='lat' dir='ltr'>nun</span> <span class='ocrx_word' id='word_1_291' title='bbox 136 2973 263 3033; x_wconf 86' lang='lat' dir='ltr'>librorum,</span> <span class='ocrx_word' id='word_1_292' title='bbox 279 2991 339 3042; x_wconf 83' lang='lat' dir='ltr'>quoa</span> <span class='ocrx_word' id='word_1_293' title='bbox 350 2992 398 3043; x_wconf 82' lang='lat' dir='ltr'>ego</span> <span class='ocrx_word' id='word_1_294' title='bbox 407 2978 469 3036; x_wconf 88' lang='lat' dir='ltr'>vidi,</span> <span class='ocrx_word' id='word_1_295' title='bbox 484 2974 607 3027; x_wconf 85' lang='lat' dir='ltr'>consensus</span> <span class='ocrx_word' id='word_1_296' title='bbox 617 2987 700 3025; x_wconf 88' lang='lat' dir='ltr'>movet</span> <span class='ocrx_word' id='word_1_297' title='bbox 711 2990 750 3025; x_wconf 88' lang='lat' dir='ltr'>me</span> <span class='ocrx_word' id='word_1_298' title='bbox 760 3011 768 3034; x_wconf 93' lang='lat'>,</span> <span class='ocrx_word' id='word_1_299' title='bbox 783 2988 809 3025; x_wconf 91' lang='lat' dir='ltr'>ut</span> <span class='ocrx_word' id='word_1_300' title='bbox 821 2974 851 3024; x_wconf 82' lang='lat' dir='ltr'>de</span> <span class='ocrx_word' id='word_1_301' title='bbox 860 2988 945 3023; x_wconf 85' lang='lat' dir='ltr'>manu·</span> 
     </span>
     <span class='ocr_line' id='line_1_37' title="bbox 76 3032 946 3111; baseline -0.002 -25"><span class='ocrx_word' id='word_1_302' title='bbox 76 3034 161 3111; x_wconf 69' lang='lat' dir='ltr'>scripta</span> <span class='ocrx_word' id='word_1_303' title='bbox 171 3038 275 3088; x_wconf 73' lang='lat' dir='ltr'>leelione</span> <span class='ocrx_word' id='word_1_304' title='bbox 285 3054 336 3088; x_wconf 88' lang='lat' dir='ltr'>non</span> <span class='ocrx_word' id='word_1_305' title='bbox 346 3040 465 3098; x_wconf 88' lang='lat' dir='ltr'>dubitem,</span> <span class='ocrx_word' id='word_1_306' title='bbox 480 3054 532 3105; x_wconf 78' lang='lat' dir='ltr'>quae</span> <span class='ocrx_word' id='word_1_307' title='bbox 542 3042 601 3089; x_wconf 82' lang='lat' dir='ltr'>mdo</span> <span class='ocrx_word' id='word_1_308' title='bbox 611 3056 685 3087; x_wconf 77' lang='lat' dir='ltr'>amor</span> <span class='ocrx_word' id='word_1_309' title='bbox 694 3036 778 3096; x_wconf 83' lang='lat' dir='ltr'>habet,</span> <span class='ocrx_word' id='word_1_310' title='bbox 784 3052 828 3102; x_wconf 79' lang='lat' dir='ltr'>pao</span> <span class='ocrx_word' id='word_1_311' title='bbox 840 3051 870 3085; x_wconf 90' lang='lat' dir='ltr'>eo</span> <span class='ocrx_word' id='word_1_312' title='bbox 880 3032 946 3099; x_wconf 91' lang='lat' dir='ltr'>quod</span> 
     </span>
     <span class='ocr_line' id='line_1_38' title="bbox 77 3098 944 3166; baseline -0.001 -17"><span class='ocrx_word' id='word_1_313' title='bbox 77 3098 146 3149; x_wconf 77' lang='lat' dir='ltr'>estut</span> <span class='ocrx_word' id='word_1_314' title='bbox 156 3101 272 3166; x_wconf 74' lang='lat' dir='ltr'>vulgarit,</span> <span class='ocrx_word' id='word_1_315' title='bbox 287 3121 326 3150; x_wconf 83' lang='lat' dir='ltr'>non</span> <span class='ocrx_word' id='word_1_316' title='bbox 341 3122 421 3153; x_wconf 83' lang='lat' dir='ltr'>vereor.</span> <span class='ocrx_word' id='word_1_317' title='bbox 438 3102 514 3152; x_wconf 83' lang='lat' dir='ltr'>Urfin.</span> <span class='ocrx_word' id='word_1_318' title='bbox 545 3108 670 3151; x_wconf 72' lang='lat' dir='ltr'>varumnam</span> <span class='ocrx_word' id='word_1_319' title='bbox 679 3119 770 3158; x_wconf 82' lang='lat' dir='ltr'>verear,</span> <span class='ocrx_word' id='word_1_320' title='bbox 786 3120 810 3147; x_wconf 83' lang='lat' dir='ltr'>ne</span> <span class='ocrx_word' id='word_1_321' title='bbox 821 3114 847 3147; x_wconf 73' lang='lat' dir='ltr'>tu</span> <span class='ocrx_word' id='word_1_322' title='bbox 858 3112 944 3162; x_wconf 77' lang='lat' dir='ltr'>partam.</span> 
     </span>
    </p>

    <p class='ocr_par' dir='ltr' id='par_1_21' title="bbox 75 3158 949 3413">
     <span class='ocr_line' id='line_1_39' title="bbox 75 3158 948 3231; baseline 0 -21"><span class='ocrx_word' id='word_1_323' title='bbox 75 3166 133 3211; x_wconf 86' lang='lat' dir='ltr'>Una</span> <span class='ocrx_word' id='word_1_324' title='bbox 141 3178 177 3211; x_wconf 86' lang='lat' dir='ltr'>res</span> <span class='ocrx_word' id='word_1_325' title='bbox 186 3165 302 3214; x_wconf 87' lang='lat' dir='ltr'>leviorem</span> <span class='ocrx_word' id='word_1_326' title='bbox 312 3181 391 3216; x_wconf 85' lang='lat' dir='ltr'>curam</span> <span class='ocrx_word' id='word_1_327' title='bbox 402 3181 482 3215; x_wconf 84' lang='lat' dir='ltr'>meam</span> <span class='ocrx_word' id='word_1_328' title='bbox 492 3165 562 3222; x_wconf 84' lang='lat' dir='ltr'>facit,</span> <span class='ocrx_word' id='word_1_329' title='bbox 577 3164 642 3231; x_wconf 91' lang='lat' dir='ltr'>quod</span> <span class='ocrx_word' id='word_1_330' title='bbox 654 3180 704 3213; x_wconf 90' lang='lat' dir='ltr'>non</span> <span class='ocrx_word' id='word_1_331' title='bbox 714 3162 809 3220; x_wconf 87' lang='lat' dir='ltr'>dubito,</span> <span class='ocrx_word' id='word_1_332' title='bbox 825 3163 883 3226; x_wconf 89' lang='lat' dir='ltr'>quin</span> <span class='ocrx_word' id='word_1_333' title='bbox 894 3158 948 3210; x_wconf 77' lang='lat' dir='ltr'>satia</span> 
     </span>
     <span class='ocr_line' id='line_1_40' title="bbox 75 3221 946 3294; baseline -0.003 -17"><span class='ocrx_word' id='word_1_334' title='bbox 75 3223 216 3291; x_wconf 65' lang='lat' dir='ltr'>intelligat,</span> <span class='ocrx_word' id='word_1_335' title='bbox 243 3228 349 3277; x_wconf 80' lang='lat' dir='ltr'>Tulliam</span> <span class='ocrx_word' id='word_1_336' title='bbox 369 3227 416 3279; x_wconf 82' lang='lat' dir='ltr'>effe</span> <span class='ocrx_word' id='word_1_337' title='bbox 431 3224 594 3294; x_wconf 72' lang='lat' dir='ltr'>desponsatam</span> <span class='ocrx_word' id='word_1_338' title='bbox 610 3226 740 3276; x_wconf 78' lang='lat' dir='ltr'>Dolabella</span> <span class='ocrx_word' id='word_1_339' title='bbox 755 3240 795 3274; x_wconf 91' lang='lat' dir='ltr'>me</span> <span class='ocrx_word' id='word_1_340' title='bbox 812 3221 905 3273; x_wconf 82' lang='lat' dir='ltr'>absente</span> <span class='ocrx_word' id='word_1_341' title='bbox 919 3226 946 3274; x_wconf 75' lang='grc' dir='ltr'>δι</span> 
     </span>
     <span class='ocr_line' id='line_1_41' title="bbox 117 3289 949 3413; baseline -0.002 -13"><span class='ocrx_word' id='word_1_342' title='bbox 117 3291 567 3406; x_wconf 49' lang='lat' dir='ltr'>mbssarbbruilfitrnbtff</span> <span class='ocrx_word' id='word_1_343' title='bbox 577 3289 823 3413; x_wconf 36' lang='lat' dir='ltr'>{ainlibim</span> <span class='ocrx_word' id='word_1_344' title='bbox 833 3289 949 3339; x_wconf 55' lang='lat' dir='ltr'>Tm*</span> 
     </span>
    </p>

    <p class='ocr_par' dir='ltr' id='par_1_22' title="bbox 76 3372 1030 3656">
     <span class='ocr_line' id='line_1_42' title="bbox 113 3372 1030 3479; baseline -0.003 -17"><span class='ocrx_word' id='word_1_345' title='bbox 113 3430 151 3476; x_wconf 71' lang='lat'>34.</span> <span class='ocrx_word' id='word_1_346' title='bbox 168 3420 216 3462; x_wconf 80' lang='lat' dir='ltr'>Hae</span> <span class='ocrx_word' id='word_1_347' title='bbox 224 3419 280 3463; x_wconf 74' lang='lat' dir='ltr'>mihi</span> <span class='ocrx_word' id='word_1_348' title='bbox 289 3372 520 3479; x_wconf 58' lang='lat' dir='ltr'>affita&#39;tatellenca&#39;atffl</span> <span class='ocrx_word' id='word_1_349' title='bbox 534 3417 602 3474; x_wconf 78' lang='lat' dir='ltr'>Alii,</span> <span class='ocrx_word' id='word_1_350' title='bbox 616 3416 720 3477; x_wconf 75' lang='lat' dir='ltr'>affinitate</span> <span class='ocrx_word' id='word_1_351' title='bbox 734 3413 803 3474; x_wconf 73' lang='lat' dir='ltr'>nostra</span> <span class='ocrx_word' id='word_1_352' title='bbox 816 3415 947 3462; x_wconf 73' lang='lat' dir='ltr'>renunciata.</span> <span class='ocrx_word' id='word_1_353' title='bbox 1025 3462 1030 3466; x_wconf 68' lang='grc'><strong>,</strong></span> 
     </span>
     <span class='ocr_line' id='line_1_43' title="bbox 78 3472 950 3549; baseline 0.001 -22"><span class='ocrx_word' id='word_1_354' title='bbox 78 3488 107 3527; x_wconf 67' lang='lat' dir='ltr'>aa</span> <span class='ocrx_word' id='word_1_355' title='bbox 117 3478 143 3527; x_wconf 86' lang='lat' dir='ltr'>in</span> <span class='ocrx_word' id='word_1_356' title='bbox 152 3476 253 3543; x_wconf 77' lang='lat' dir='ltr'>epistola</span> <span class='ocrx_word' id='word_1_357' title='bbox 262 3480 409 3543; x_wconf 80' lang='lat' dir='ltr'>sulpitiana:</span> <span class='ocrx_word' id='word_1_358' title='bbox 425 3482 563 3549; x_wconf 73' lang='lat' dir='ltr'>Posteaquam</span> <span class='ocrx_word' id='word_1_359' title='bbox 576 3482 633 3529; x_wconf 66' lang='lat' dir='ltr'>mua·</span> <span class='ocrx_word' id='word_1_360' title='bbox 647 3481 794 3539; x_wconf 56' lang='lat' dir='ltr'>ranarum</span> <span class='ocrx_word' id='word_1_361' title='bbox 807 3477 836 3540; x_wconf 72' lang='lat' dir='ltr'>est</span> <span class='ocrx_word' id='word_1_362' title='bbox 850 3478 878 3523; x_wconf 75' lang='lat' dir='ltr'>da</span> <span class='ocrx_word' id='word_1_363' title='bbox 892 3472 950 3519; x_wconf 61' lang='lat'>⁰⁵31*</span> 
     </span>
     <span class='ocr_line' id='line_1_44' title="bbox 76 3541 929 3656; baseline 0.002 -61"><span class='ocrx_word' id='word_1_364' title='bbox 76 3541 196 3595; x_wconf 62' lang='lat' dir='ltr'>rauna.</span> <span class='ocrx_word' id='word_1_365' title='bbox 208 3552 256 3595; x_wconf 79' lang='lat' dir='ltr'>ttu-</span> <span class='ocrx_word' id='word_1_366' title='bbox 291 3545 410 3597; x_wconf 65' lang='lat' dir='ltr'>&amp;maru</span> <span class='ocrx_word' id='word_1_367' title='bbox 524 3609 546 3656; x_wconf 61' lang='lat' dir='ltr'><strong><em>L</em></strong></span> <span class='ocrx_word' id='word_1_368' title='bbox 878 3612 888 3654; x_wconf 55' lang='grc' dir='ltr'><strong><em>ς</em></strong></span> <span class='ocrx_word' id='word_1_369' title='bbox 906 3574 929 3644; x_wconf 53' lang='lat' dir='ltr'>b</span> 
     </span>
    </p>

    <p class='ocr_par' dir='ltr' id='par_1_23' title="bbox 559 3613 954 3659">
     <span class='ocr_line' id='line_1_45' title="bbox 559 3613 954 3659; baseline -0.008 0"><span class='ocrx_word' id='word_1_370' title='bbox 559 3620 576 3659; x_wconf 69' lang='grc' dir='ltr'><strong>ὃ</strong></span> <span class='ocrx_word' id='word_1_371' title='bbox 861 3614 872 3656; x_wconf 76' lang='grc'><strong><em>3</em></strong></span> <span class='ocrx_word' id='word_1_372' title='bbox 931 3613 954 3644; x_wconf 66' lang='lat'>&#39;⁵</span> 
     </span>
    </p>
   </div>
   <div class='ocr_carea' id='block_1_6' title="bbox 0 0 1174 4020">
    <p class='ocr_par' dir='ltr' id='par_1_24' title="bbox 0 0 1174 4020">
     <span class='ocr_line' id='line_1_46' title="bbox 0 0 1174 4020; baseline 0 0"><span class='ocrx_word' id='word_1_373' title='bbox 0 0 1174 4020; x_wconf 95' lang='lat' dir='ltr'> </span> 
     </span>
    </p>
   </div>
  </div>
 </body>
</html>
