2272 4020
28 39 1131 70 m

234 218 424 287 Linea
465 208 762 301 Quiurus.
867 212 924 281 281

58 340 91 391 ut
102 330 286 390 vehementer
298 329 392 389 velim.
431 328 480 385 5⁶¹³
486 330 529 389 Ut
543 330 619 387 enim
634 328 699 389 cum
713 326 779 389 ellet
791 326 881 463 mapor
895 328 952 400 &g
966 332 1010 381 arn

60 409 203 475 virorum,
223 408 253 465 &
274 406 377 465 civium
396 404 561 476 bonorum,
587 404 816 482 &jucundorum
854 397 1039 463 omi·Etenim

37 538 42 547 .
60 500 148 557 num,
169 482 365 541 &amantium
379 482 435 540 mei
450 485 546 559 copia:
566 494 662 541 tamen
675 492 733 539 erat
744 498 849 551 nemo,
867 480 929 557 qui-

61 576 129 620 cum
142 556 227 617 eliem
247 558 396 627 libentius,
415 557 502 633 quim
521 571 640 626 tecum;
662 560 692 616 ὃ(
705 558 802 633 pauci,
820 556 930 645 quibuis-

64 654 134 695 cum
148 631 231 693 ellem
252 652 278 692 ae
297 653 334 693 ue
346 635 468 693 libenter.
487 636 544 695 hoc
556 632 625 693 vero
638 646 766 709 tempore
781 674 791 703 ‚
809 648 873 691 cum
886 632 932 691 alii

63 712 217 794 intepierint
237 754 247 781 ‚
273 652 317 769 adii
349 708 458 779 abfint,
490 710 535 771 alii
569 712 670 769 mutati
694 710 839 768 voluntate
863 707 930 768 sint:

63 806 174 857 unum,
193 786 300 845 medius
314 784 409 855 fidius,
428 796 523 847 tecum
537 786 612 845 diem
625 784 750 845 libentius
770 784 907 861 posuerim
922 825 932 853 ,

64 863 153 941 quam
165 864 221 921 hoc
236 878 322 921 omne
335 874 444 938 tempus
457 880 524 922 oum
537 861 669 940 plerisque
683 879 781 921 eorum
796 904 805 931 ,
821 858 932 995 puibus·

65 958 133 1000 eum
148 940 216 1015 vivo
223 936 386 1013 uccellano.
425 938 493 998 Noli
506 940 582 997 enim
596 938 748 998 existimare
763 981 772 1007 ,
791 937 828 995 m'
839 938 860 994 ri
872 936 934 994 soli·

58 1016 195 1079 audirem
209 1032 269 1073 non
283 1013 475 1074 'numdiorem
489 1012 560 1085 else,
579 1033 634 1091 qun
646 1026 741 1073 tamen
756 1014 809 1089 ipis
822 1014 863 1071 uti
874 1029 935 1072 non

67 1092 151 1162 licet,
170 1088 255 1168 quim
269 1032 407 1150 ldrmones
420 1108 537 1161 eorum,
556 1093 603 1168 qui
623 1090 798 1167 frequentant
816 1090 935 1147 domum

72 1184 191 1236 meam,
219 1180 335 1242 excepto
354 1184 414 1227 uno
429 1210 438 1236 ,
463 1178 510 1225 aut
528 1167 688 1226 hsummum
708 1166 803 1225 altero.
840 1158 963 1241 ltaqueh
977 1158 1061 1211 ‘15¹'ss

72 1255 138 1304 utor
151 1242 254 1304 eodem
266 1244 393 1320 perfugio
408 1286 417 1315 ,
437 1262 495 1323 quo
508 1242 557 1305 tini
569 1243 704 1303 utendum
724 1242 823 1303 censeo
837 1284 846 1313 ‚
864 1242 940 1377 lirtppi}
946 1222 1028 1275 sumn.

73 1518 143 1567 Nam
158 1512 218 1581 inde¹
224 1513 322 1567 scaturiit
331 1516 391 1569 illud
400 1518 527 1568 communia.
549 1520 616 1567 Nam
627 1518 652 1568 δι
663 1518 770 1566 commoda
781 1518 807 1567 &
821 1521 941 1565 communis

74 1578 212 1627 additamen
233 1578 285 1638 est,
311 1596 336 1629 ut
351 1586 424 1633 etiam
439 1580 491 1647 post
505 1596 541 1645 ep.
555 1597 576 1637 3·
593 1579 635 1632 fin.
651 1582 687 1643 ‘cp'
701 1586 772 1628 onmia
787 1578 892 1629 additum
907 1580 940 1629 est

75 1643 103 1691 in
119 1658 139 1698 5.
162 1642 291 1693 Gebhardus.
324 1648 412 1695 Primus
434 1645 541 1700 Graevii,
562 1650 619 1690 Nam
637 1656 705 1691 tecum
720 1648 752 1691 ita
771 1644 808 1704 ff
822 1648 941 1689 communia

75 1709 149 1752 omnia
160 1720 204 1767 qua
215 1718 258 1767 opto
269 1710 386 1769 contingant
397 1743 404 1765 ‚
420 1722 444 1755 ut
455 1711 585 1753 vehementer
594 1706 669 1756 velim.
686 1707 714 1755 ed
729 1711 848 1753 communia
862 1705 940 1755 delere

72 1767 158 1827 ,invitis
169 1766 277 1815 omnibus
286 1768 404 1821 codicibus
413 1770 563 1819 temerarium
573 1766 612 1818 est.
629 1767 673 1817 Sed
682 1768 720 1817 lrie
728 1768 829 1817 locuseu
840 1768 941 1832 vestigiis

76 1842 185 1879 veterum
195 1828 302 1879 codicum
313 1831 343 1883 fic
352 1830 545 1885 rescribendusest
555 1865 563 1887 ‚
577 1848 627 1877 nam
636 1845 704 1879 tecum
712 1830 749 1890 effi·
758 1834 813 1878 ruini
821 1837 940 1879 communia

77 1896 171 1948 omnia,
187 1896 272 1967 itaqua
289 1907 333 1956 opto
349 1900 483 1958 contingant,
504 1908 528 1941 ut
544 1896 673 1941 veliementer
686 1894 762 1942 velim.
795 1892 864 1941 Vides
879 1894 940 1943 nihil

78 1952 196 2011 hieroni,
213 1954 271 2003 mhil
287 1956 406 2006 immutari
420 1957 509 2023 plane;
530 1954 650 2019 transponi
665 1968 758 2005 tamum
772 1956 883 2004 voculam
893 1961 939 2012 ita,

144 2014 184 2065 suo
195 2017 250 2066 loco
266 2019 325 2066 vitio
341 2020 488 2069 librariorum
501 2018 546 2068 fuit
561 2016 689 2066 deturbata
722 2015 801 2065 sensrn
816 2032 894 2067 aurem
908 2018 942 2067 est

76 2077 217 2191 condidimus
232 2114 241 2137 ,
262 2082 287 2130 de
303 2096 354 2145 qus:
369 2082 493 2148 sequunnu
506 2082 611 2131 clainant
625 2083 766 2129 Ciceronem
779 2084 814 2129 ira
827 2079 941 2144 scriplid'e,

104 2158 191 2192 mim.

114 2214 152 2263 56.
169 2210 202 2251 vt
211 2209 267 2255 enim
282 2224 329 2255 cum
343 2208 390 2269 effes
399 2211 487 2269 major]
510 2210 567 2257 Hac
582 2205 615 2257 est
629 2204 731 2255 Medieei
745 2202 832 2253 codicis
846 2208 871 2254 dr
883 2204 942 2255 alio-

51 2288 54 2294 ·
81 2284 137 2321 rum
152 2268 223 2316 etiam
248 2282 352 2319 veterum
376 2270 448 2319 lestio
463 2304 470 2329 ‚
491 2285 564 2336 quam
583 2283 664 2319 tamen
683 2268 793 2317 nonnulli
812 2267 943 2327 damnant,

81 2332 126 2399 qui
141 2330 201 2379 olim
216 2333 240 2381 δε
251 2330 292 2395 ipfi
305 2348 358 2380 eam
368 2330 437 2382 valde
446 2345 598 2389 amaverant,
619 2329 660 2380 etfi
674 2345 700 2380 ur
716 2331 797 2380 omnia
811 2344 864 2379 com
898 2346 945 2381 ne·

83 2404 137 2445 rent
150 2426 157 2448 ,
173 2392 233 2443 infra
243 2392 283 2442 suo
293 2410 322 2444 ex
332 2396 357 2443 in
388 2399 430 2444 nio
439 2394 567 2445 leelionem
577 2408 731 2444 mutaverant.
752 2400 831 2456 Qum
839 2400 864 2443 're
884 2396 943 2443 itue-

85 2468 141 2508 ruut
155 2456 299 2514 leuiorem,
326 2474 343 2505 n
377 2474 393 2508 o
408 2458 483 2509 modo
497 2458 580 2523 probo.
596 2472 673 2523 neque
687 2457 733 2507 hoc
747 2456 808 2507 facio
824 2471 943 2507 concena-

88 2518 162 2571 tionis
176 2518 250 2567 studio
267 2553 274 2575 ‚
295 2519 333 2569 sed
349 2521 413 2586 quod
427 2523 461 2570 ita
476 2538 557 2572 venum
572 2519 618 2571 effe
636 2518 751 2569 existimo.
784 2522 858 2584 Siquis
878 2534 945 2569 acute

118 2579 253 2646 rsplciet,s1
269 2588 344 2630 etenim
365 2584 578 2649 (quemadmodum
592 2584 629 2633 illl
641 2583 741 2645 volunt)
758 2581 864 2645 legatur,
880 2580 944 2630 vide-

85 2598 210 2695 gietmulto
220 2645 297 2692 minus
313 2644 383 2693 verba
398 2646 490 2696 interse
510 2646 641 2699 coherere,
662 2643 766 2711 quamsi
782 2642 853 2708 prisca
872 2644 944 2693 ledlio

88 2706 244 2759 conservetur.
277 2712 354 2770 Quare
365 2704 466 2772 peccalse
476 2708 543 2759 nobis
554 2724 604 2758 uon
618 2706 740 2763 videmur,
756 2709 814 2783 qui,
828 2704 846 2755 fi
861 2707 946 2771 aliquis

87 2786 155 2822 error
175 2768 226 2826 est,
246 2784 294 2816 una
318 2784 372 2818 cum
391 2769 440 2819 anri
458 2774 494 2819 uis
512 2772 576 2821 librls
596 2784 690 2837 peccare
709 2768 834 2819 voluimus.
867 2770 945 2819 Potius

87 2830 323 2882 animadverlendum
332 2831 377 2888 est,
394 2846 424 2879 an
438 2784 466 2880 gt
481 2848 496 2882 e
508 2849 594 2899 genere
607 2847 749 2897 eorumquae
764 2832 863 2897 speciem
873 2829 945 2881 soloe·

90 2894 156 2945 clsmi
167 2894 251 2943 habere
261 2894 379 2951 videntur,
396 2893 518 2959 dequibus
528 2912 573 2946 nos
588 2896 639 2944 aliis
649 2896 674 2944 in
684 2894 741 2943 loeis
752 2894 825 2943 locrui
839 2908 945 2943 acmmre

90 2958 188 3013 smnus,
210 2960 235 3006 δι
256 2956 346 3007 Paullus
371 2958 443 3007 etiam
462 2957 487 3007 in
507 2957 551 3007 suis
570 2958 668 3007 scholiis
682 2957 712 3007 ad
726 2958 945 3021 hunclocumngit.

91 3024 205 3071 Vinarius.
238 3025 272 3065 Ira
283 3038 314 3068 en.
326 3036 372 3065 cum
383 3020 417 3079 eff.
428 3026 493 3081 neap]
507 3022 542 3070 sic
552 3034 630 3070 autem
640 3019 725 3069 habent
736 3021 792 3069 Pali.
800 3036 865 3068 omn.
878 3022 945 3070 Grur.

90 3083 166 3133 editio
181 3083 256 3146 prima
272 3097 299 3131 ac
318 3082 422 3131 Vistorii.
455 3083 504 3142 alii
522 3088 605 3135 annm.
622 3080 739 3133 Gebhard.
771 3083 881 3131 Palatinis
897 3080 947 3130 sub·

90 3144 191 3195 scribunt
210 3142 432 3193 amstelod-amenus
451 3146 477 3195 δι
497 3146 660 3199 Mentelianus.
693 3144 737 3194 Sed
755 3145 861 3194 nondum
883 3143 948 3193 locus

91 3208 126 3258 est
136 3220 292 3273 perpurgatus.
308 3207 368 3254 reste
378 3207 437 3255 vidit
446 3209 581 3263 Manutius,
593 3208 651 3257 nihil
661 3207 694 3257 est
723 3210 771 3257 uod
781 3208 811 3256 ad
824 3222 849 3254 ar
863 3206 948 3256 refera-

90 3283 144 3328 tur;
161 3271 222 3319 reste
232 3283 326 3335 quoque
336 3269 394 3317 vidit
405 3270 521 3319 Victorius
531 3286 596 3335 nque
609 3272 671 3321 male
685 3224 798 3320 cedronem
812 3264 883 3320 veiha
895 3270 950 3320 licet

85 3330 185 3398 'legatur
196 3336 278 3381 etenim.
311 3331 371 3381 Vide
380 3331 436 3397 quid
447 3346 513 3380 meus
529 3334 615 3396 primus
630 3332 752 3443 sppggerau
768 3336 794 3383 in
809 3350 858 3401 quo
874 3330 951 3382 scribi-

91 3410 130 3447 tur
143 3413 149 3440 ι
165 3410 190 3442 ru
201 3399 256 3442 enim
268 3410 315 3441 cum
325 3396 378 3457 effes.
412 3396 555 3444 Ciceronem
564 3393 638 3461 scripsi
658 3395 836 3453 ecrediderim,
852 3402 886 3443 Tu
895 3400 953 3443 atim

91 3475 176 3509 mecum
185 3475 233 3503 cum
242 3458 287 3518 effes
298 3462 423 3519 majorem
433 3462 460 3511 d
468 3462 569 3505 virerum
585 3492 593 3514 ‚
609 3460 635 3509 d?
646 3462 729 3505 civr'um
743 3460 859 3515 bonorum,
874 3465 900 3510 (φ
911 3462 953 3517 ju·

88 3524 209 3574 surdorum
218 3524 344 3583 hominum,
359 3523 385 3577 ά·
397 3526 518 3575 mannum
529 3522 662 3635 meiScopia,
677 3534 748 3571 samm
761 3536 806 3572 erac
820 3540 877 3571 nerm
891 3553 898 3577 ,
914 3523 954 3581 qui

604 3600 615 3645 5
912 3598 960 3629 rura
