2272 4020
229 136 471 223 ‚Linea
512 139 755 209 Paratus.
920 162 961 234 53

107 246 286 387 lonffi'poffe
300 246 430 321 vidisset,
450 249 515 309 eiam
535 251 687 326 persuaderi
707 252 782 329 polle
802 255 959 329 diffideret,

110 327 155 404 rogi
216 324 271 385 else
285 347 345 386 non
357 329 533 387 arbitraretur.
554 329 621 386 Mea
634 330 703 387 ratio
718 332 767 389 fuit
781 334 848 404 alia,
863 334 957 411 quiid,

108 417 178 479 mque
191 403 342 480 desipiente
375 405 476 480 opulO,
496 422 587 480 neque
601 407 704 479 integra
718 424 746 463 re
759 410 827 467 milri
840 411 874 469 ad
889 430 957 469 con·

42 528 49 538 .
104 478 246 550 solendum,
265 499 334 557 cape
356 499 467 539 eremne
483 481 702 555 rempublicam,
723 485 900 559 mimplicatus
914 500 991 546 te-rss
1004 486 1087 561 prrplia

102 556 176 615 rebar.
213 556 270 616 Sed
282 558 388 617 laetatus
406 570 501 616 tamen
519 556 579 614 sum
597 600 605 625 ,
624 556 702 633 quiid
722 560 790 617 mihi
812 547 905 621 liceret
925 562 1024 623 inmte·
1050 553 1107 604 MS·

78 676 81 681 .
101 630 182 691 erdem
196 633 276 691 cauli
290 635 320 693 δι
334 634 402 692 milri
418 634 509 703 utilia,
529 635 559 691 ὃ(
572 634 658 691 cuivis
671 634 748 693 bono
761 636 954 706 resta,desen·

101 706 158 767 dere.
190 711 259 769 Huc
272 709 380 768 accessit
393 709 643 768 commemoranda
663 711 792 786 quaedam
813 714 843 770 &
862 715 954 777 divina

42 794 45 823 ἱ
100 784 196 845 Ceam
214 788 246 845 in
268 804 315 845 me
334 788 503 862 fratremque
518 804 614 843 meum
629 785 786 845 liberalitas:
807 791 855 865 qui
867 794 951 862 mihi,

42 865 45 873 '
149 880 270 939 cumque
286 881 326 921 res
340 875 463 939 gereret,
482 860 598 921 tuendus
613 858 686 921 esset.
724 866 808 924 Nunc
828 868 857 923 in
878 880 953 927 tanta

42 934 46 1010 f
127 938 229 1009 ritate,
249 939 384 1015 tantisque
397 938 517 999 victoriis
531 982 539 1007 ,
559 938 643 996 etiam
665 938 728 999 siin
741 960 792 999 nos
805 960 864 1000 non
877 944 899 1001 is
913 944 952 1002 es-

42 1047 45 1069 .
79 1012 141 1083 set,
158 1016 205 1091 qui
219 1014 275 1085 est,
295 1027 388 1075 tamen
402 1014 563 1074 nornandus
577 1014 722 1075 videretur.
762 1016 805 1075 Sic
825 1020 901 1077 enim
922 1035 951 1079 te
961 1018 978 1050 ¹¹
994 1018 1087 1116 ’ἔξω

42 1115 45 1123 ·
99 1089 234 1150 existimare
247 1092 351 1161 velim,
369 1090 471 1149 ⁶3ci1m
484 1089 499 1148 a
513 1090 614 1159 nobis,
634 1110 707 1150 meae
726 1092 813 1151 salutis
833 1074 1104 1177 arietari-ww&

98 1162 151 1235 bru,
168 1165 346 1237 discesserim,
365 1169 508 1225 neminem
522 1163 599 1234 effe,
619 1169 695 1243 cujus
715 1168 811 1227 officiis
831 1189 878 1229 me
892 1186 948 1231 tam
961 1168 1075 1243 monian-

42 1304 44 1311 ᾗ
97 1240 139 1300 esse
152 1242 312 1303 devinstum
319 1262 378 1303 non
390 1242 478 1302 solitm
491 1242 640 1313 confitear,
658 1245 794 1305 sedetiam
807 1248 951 1321 gaudeam.
961 1255 1045 1305 dused.
1057 1270 1106 1318 aa,

98 1318 175 1393 Quod
187 1323 321 1407 quoniam
335 1320 384 1380 tibi
397 1318 526 1393 exposui,
546 1320 634 1379 facilia
647 1320 707 1381 sunt
721 1340 752 1379 ea
767 1365 776 1390 ‚
796 1340 859 1398 quae
873 1323 888 1382 a
904 1345 951 1385 me

97 1392 126 1451 de
138 1396 250 1456 Vatinio
270 1400 300 1455 &
321 1397 356 1455 de
370 1393 464 1455 Crasso
478 1397 597 1473 requiris.
626 1398 700 1455 Nam
716 1397 751 1455 de
765 1398 859 1474 Appio
875 1403 952 1477 quod

95 1468 189 1543 scribis,
208 1472 285 1532 sicuti
300 1472 336 1531 de
351 1473 474 1543 Caesare,
494 1485 522 1531 te
535 1491 595 1531 non
608 1474 822 1547 reprehendere:
841 1478 952 1551 gaudeo

59 1609 62 1618 ,
95 1547 228 1607 consilium
242 1550 291 1609 tibi
303 1550 411 1624 probari
425 1568 529 1609 meum.
567 1549 613 1606 De
633 1550 747 1609 Vatinio
762 1564 879 1621 autem,
898 1556 954 1631 pri-

51 1685 55 1694 ,
95 1622 164 1683 mima
184 1625 284 1692 reditus
302 1624 484 1690 intercesserat
502 1629 532 1685 in
558 1627 672 1701 gratiam
698 1646 747 1702 per
766 1628 952 1705 Pompejum,

52 1741 56 1751 .
93 1698 171 1760 statim
184 1714 216 1761 ut
229 1702 274 1761 ille
293 1716 395 1778 praetor
417 1704 453 1762 est
474 1704 583 1771 fastus,
604 1702 668 1761 clim
690 1703 803 1779 quidem
824 1723 877 1780 ego
892 1708 951 1783 ejus

93 1778 246 1850 petitionem
260 1780 418 1854 gravissimis
438 1782 467 1837 in
480 1781 575 1838 senatu
586 1778 722 1838 sententiis
736 1799 811 1855 oppu
831 1778 951 1852 mallem,

93 1868 175 1929 neque
187 1870 244 1913 tam
259 1856 328 1914 ilius
347 1855 467 1917 laedendi
487 1854 563 1914 causa
582 1898 590 1923 ‚
616 1854 702 1931 quim
724 1799 891 1915 defendendi
910 1870 951 1916 at-

93 1944 141 2061 pue
153 1932 269 1991 ortiandi
282 1932 403 1992 Catonis.
422 1930 483 2007 post
496 1944 608 2000 autem,
628 1931 755 2000 Caesaris,
775 1945 805 1989 ut
818 1933 893 1991 illum
902 1933 951 1992 de·

104 2005 251 2079 caderem,
277 2009 346 2067 mira
367 2009 510 2068 contentio
531 2006 568 2064 est
588 2007 740 2065 consecuta.
780 2008 837 2064 Cur
856 2022 950 2067 autern

93 2078 231 2153 laudartm,
250 2101 317 2160 peto
336 2085 412 2155 ate,
432 2096 463 2143 ut
482 2084 511 2142 id
525 2083 541 2142 a
556 2100 603 2140 me
615 2101 688 2142 neve
703 2084 731 2142 in
744 2083 800 2141 hoc
814 2101 881 2153 reo,
901 2104 952 2143 ne-

94 2173 125 2215 ve
135 2158 162 2217 in
173 2162 229 2219 aliis
241 2163 396 2237 ⁰requiras:
417 2180 453 2219 ne
472 2161 521 2219 tibi
542 2176 595 2234 ego
613 2160 689 2219 idem
708 2177 865 2235 reponam,
885 2160 948 2219 ciam
960 2167 977 2201 ⁰
988 2169 1087 2239 ,qums

93 2238 202 2295 veneris:
222 2236 329 2295 tametsi
344 2234 475 2313 aposlum
488 2237 533 2293 vel
545 2235 654 2293 absenti.
692 2235 848 2295 Recordare
862 2239 948 2308 enim,
958 2220 1097 2333 ⁴²¹2&ssss

92 2310 178 2397 quibus
189 2312 378 2375 laudationem
390 2332 424 2371 ex
437 2313 537 2371 ultimis
550 2313 625 2369 terris
637 2311 744 2375 miseris.
763 2330 816 2371 nec
824 2314 879 2371 hoc
887 2293 971 2388 per-P
1032 2334 1034 2339 ·
1090 2317 1101 2344 ⁴

95 2389 213 2449 timueris.
238 2409 305 2449 nam
332 2388 349 2446 a
376 2408 423 2450 me
451 2388 507 2463 ipso
532 2386 676 2446 laudantur
707 2390 737 2449 ὃ(
768 2388 948 2449 laudabuntur

94 2460 178 2523 iidem.
215 2465 268 2525 Sed
280 2478 375 2526 tamen
388 2463 556 2525 defendendi
568 2463 673 2521 Vatinii
686 2466 738 2522 suit
751 2465 833 2523 etiarn
848 2464 891 2522 ille
904 2467 948 2524 sti-

57 2553 60 2562 ·
96 2540 197 2611 mulus,
215 2542 322 2619 dequo
336 2542 498 2618 injudici0,
518 2539 582 2597 calm
595 2540 672 2597 illum
687 2540 865 2599 defenderem
875 2541 949 2610 ,dixi
990 2552 1014 2601 Ρ.
1025 2554 1078 2609 xv.

97 2617 233 2676 nefacere
253 2617 401 2695 quiddam,
421 2616 500 2695 quod
518 2618 548 2675 in
567 2616 706 2675 Eunucho
719 2615 844 2692 parasitus
857 2616 954 2691 suadeg

98 2704 131 2753 ret
142 2694 241 2753 militi:

178 2770 226 2827 opi
239 2770 386 2830 nominabit
405 2770 575 2839 Phaedriam,
595 2784 626 2827 m
639 2768 805 2846 Pamphilam
898 2836 902 2845 1

176 2848 315 2907 antinno.
330 2846 358 2924 fi
369 2846 472 2926 quando
485 2846 535 2905 illa
546 2846 629 2917 dicet,
648 2847 796 2907 Phaedriam
810 2850 840 2910 in
852 2881 878 2895 ·-

894 2933 957 2986 Tro-⁴

51 3101 54 3110 ·
105 3067 185 3129 domm
203 3076 275 3127 nullls
293 3092 409 3143 umquam
435 3077 623 3143 expugnaveris,
649 3075 753 3142 precibus
770 3074 871 3125 aufertur
888 3074 954 3140 quod

50 3121 56 3218 ἓ
103 3138 197 3190 illimus.
214 3146 324 3190 Gravius.
974 3144 978 3163 ¹

50 3219 55 3254 t
125 3209 154 3257 63.
169 3212 219 3251 Cum
229 3222 243 3249 a
253 3206 379 3262 popisma
387 3206 467 3266 salmis
482 3203 763 3263 auuorftu1,discefferim.]
779 3206 830 3251 Hac
846 3200 950 3250 formula

49 3259 58 3298 ἶ
103 3264 168 3326 mdes
183 3269 269 3315 Cicero
280 3268 328 3324 uti,
360 3282 387 3315 ro
400 3283 429 3315 eo
442 3265 592 3330 quodvulgo
610 3266 728 3321 dicimus,
744 3264 811 3315 vobis
830 3267 950 3328 exeeptis,

104 3338 133 3373 ²¹1
199 3345 262 3387 vos,
278 3328 310 3377 st'c
324 3283 375 3379 Li).
383 3346 418 3381 vr.
440 3344 476 3393 ep.
493 3346 527 3384 13.
552 3335 626 3376 Omnes
643 3330 726 3381 casaris
743 3328 867 3387 familiares
888 3329 950 3374 induo

101 3389 198 3450 inparatos
208 3395 355 3455 consmtudine
364 3396 390 3444 (φ
401 3395 556 3447 immolatitia,
567 3393 599 3451 sie
613 3405 650 3451 ut,
665 3392 797 3440 cornatilia
811 3391 952 3452 disccffirsnt,

58 3491 61 3502 ·
98 3461 245 3517 maximam
255 3457 351 3510 reatem,
367 3456 389 3523 J.
397 3460 423 3508 F.
432 3460 539 3507 Gronov.

50 3547 56 3626 Ι
540 3522 593 3574 Da
853 3522 884 3572 ⁶4
906 3516 953 3568 Par
