2272 4020
225 172 285 241 ¹3²
339 153 480 233 Errsr.
500 169 558 217 an
580 150 751 217 Arrium
773 146 1019 222 Purcrrrrurc

245 266 303 327 uod
317 287 415 327 eorum
436 267 685 327 raaedtficartonem
704 267 798 327 litteris
825 267 894 324 meis
914 266 1099 342 impedillem'l

243 345 249 359 '
267 345 332 404 dem
347 357 440 403 autem
455 344 566 422 epistola
579 346 689 421 petebas
705 389 714 415 ,
733 356 765 401 ut
782 361 830 401 eos
851 341 936 419 quim
962 346 1096 419 primtlm,

224 438 262 479 ne
286 423 316 480 in
335 422 459 480 hiemem
488 422 656 491 inciderent,
676 421 711 479 ad
729 421 888 478 facultatem
917 418 1098 494 aedificandi,

71 522 100 563 m
120 523 199 578 perae·
224 495 390 558 liberarem:
411 502 442 557 &
461 498 541 557 srmul
561 496 718 576 mperacute
741 496 915 573 querebare,
941 496 1020 573 quod
1048 518 1097 560 eoa

70 574 152 624 curate
225 574 324 636 tributa
339 576 447 651 exigere
461 586 601 645 vetarem,
620 573 709 651 prius,
728 572 814 649 quim
829 590 845 629 e
864 592 901 641 o,
920 590 950 631 re
966 576 1098 649 cognita,

71 640 407 726 mmm-permisissem.
433 669 519 727 genus
544 653 621 711 enim
641 648 783 727 quoddam
803 590 881 706 suffe
902 649 1097 783 imXediendi,

224 726 289 786 cirm
305 746 358 803 ego
373 728 540 804 cognoscere
553 746 613 787 non
626 722 733 803 poliem
751 768 759 795 ,
778 724 829 784 nist
843 723 907 783 ciam
921 744 937 784 a
969 727 1097 789 hiemem

224 822 272 862 me
290 822 324 861 ex
339 804 434 861 Cilicia
447 801 613 880 recepissem.
633 802 681 861 Ad
695 802 791 861 omnia
804 802 913 891 accipe:
935 802 965 860 bc
979 806 1097 880 cognos-

224 898 258 939 ce
272 881 432 955 aequitatem
448 879 669 956 expostulationis
686 890 751 936 tuae.
788 877 930 947 Primum,
951 877 1097 943 cbrnatad

225 974 273 1014 me
287 957 393 1014 aditum
408 953 473 1014 effet
487 956 519 1013 ab
533 957 581 1025 iis,
601 956 649 1042 qui
670 953 808 1023 dicerent,
828 952 845 1011 t
867 953 893 1011 se
914 956 1095 1018 intolerabilia

224 1034 324 1091 tributa
338 1033 432 1107 exigi:
452 1031 520 1108 quid
537 1032 630 1090 habuit
643 1032 814 1109 iniquitatis,
833 1047 881 1088 me
900 1028 1014 1091 scribere
1029 1076 1039 1103 ,
1057 1052 1094 1093 ne

126 1162 134 1179 ,
169 1163 177 1180 ,
225 1109 367 1177 facerent,
387 1108 536 1185 antequam
553 1126 606 1185 ego
619 1126 679 1165 rem
695 1150 704 1177 ,
723 1106 888 1183 causamque
909 1106 1093 1183 cogndll'em?

226 1185 296 1243 Non
310 1197 460 1260 poteram,
479 1183 588 1255 credo,
608 1198 672 1243 ante
690 1183 824 1243 hiemem.
843 1182 880 1240 fic
901 1183 977 1242 enim
996 1184 1094 1246 scribis.

225 1260 313 1335 Quasi
327 1259 394 1319 vero
410 1260 445 1319 ad
459 1261 684 1336 cognoscendum
699 1278 753 1336 ego
767 1260 803 1318 ad
821 1258 904 1328 illoc,
923 1278 983 1318 non
1002 1262 1041 1321 illi
1059 1263 1094 1323 ad

225 1354 274 1394 me
286 1339 381 1395 venire
394 1336 544 1396 debuerint.
583 1338 660 1395 Tam
671 1334 777 1411 longe?
796 1336 894 1411 inquit.
914 1334 1014 1412 Quid?
1028 1338 1094 1399 uim

225 1412 306 1471 dabas
320 1415 351 1470 iis
363 1414 479 1482 litterar,
498 1430 547 1489 per
561 1430 626 1490 quas
646 1430 759 1471 mecum
779 1411 900 1486 agebas,
919 1430 956 1471 ne
978 1430 1028 1473 eos
1041 1417 1095 1476 im·

223 1490 372 1565 pedirem‚
395 1507 459 1565 quo·
480 1488 570 1548 minda
589 1499 652 1547 ante
671 1489 796 1546 hiemem
814 1486 1009 1559 aedificarent,
1035 1511 1093 1553 non

224 1583 274 1624 eos
288 1564 324 1622 ad
339 1582 386 1621 me
407 1578 538 1625 venturos
558 1562 746 1623 arbitrabare?
767 1562 892 1621 Tametsi
920 1564 949 1622 id
976 1568 1093 1641 quidem

223 1642 351 1701 fecerunt
365 1640 486 1702 ridicule.
505 1660 573 1721 quas
587 1642 663 1701 enim
677 1641 777 1701 litteras
792 1638 960 1713 afferebant,
978 1654 1011 1703 ut
1025 1662 1094 1723 opua

1000 1720 1092 1783 aestate

222 1888 347 1940 blanialir.
380 1896 497 1941 Extrema
509 1903 608 1955 parter,
625 1888 689 1962 quod
704 1924 712 1947 ,
727 1901 794 1939 extra
811 1888 925 1937 volumen
943 1888 1091 1951 eminenter,
1111 1914 1114 1919 ·

222 1966 338 2000 cornuum
348 1951 526 2003 similitudinem
537 1970 583 2018 prae
593 1953 616 2003 se
629 1960 730 2009 terrent,
746 1968 823 1999 cornua
834 1949 993 2001 vocabanturr
1010 1953 1093 2018 quibus

223 2029 390 2064 ornamentum
408 2016 506 2083 aliquod
525 2016 580 2065 addi
598 2015 713 2072 solitum,
730 2013 831 2063 ostendit
850 2012 968 2073 Ovidius,
990 2031 1048 2067 cum
1064 2018 1093 2067 li-

223 2075 292 2127 brum
303 2077 368 2127 suum
380 2080 456 2144 elegia
466 2083 542 2144 prima
555 2079 666 2128 Tristium
676 2078 707 2126 lie
718 2079 845 2141 alloquitur
857 2093 864 2124 ε

355 2144 450 2189 eandida
465 2161 501 2188 nee
514 2140 577 2203 nigrai
593 2159 669 2188 cornua
680 2141 753 2200 fronte
763 2157 832 2202 geras.
853 2146 856 2151 '

223 2205 277 2250 Nec
289 2217 355 2267 getas
371 2203 471 2252 candida
486 2218 595 2259 cornua,
616 2219 667 2267 que
687 2203 786 2251 fomrnae
809 2200 860 2251 sunt
878 2200 965 2252 indicia
982 2204 1092 2263 latioris,

224 2279 279 2312 cum
290 2264 319 2312 tit
329 2279 403 2314 atrata
413 2266 493 2322 lions,
509 2267 604 2330 qualem
615 2269 640 2315 in
652 2267 786 2315 calamitate
796 2263 876 2313 nostra
885 2265 953 2313 decet
970 2263 1025 2318 else.
1053 2267 1093 2317 Est

223 2328 291 2375 enim
295 2327 358 2386 frons
370 2331 441 2385 libri,
456 2331 559 2378 exterior
568 2329 695 2378 voluminis
713 2345 784 2394 pars:
802 2329 885 2387 frontes
900 2343 958 2377 vero
974 2344 1093 2445 mig
1135 2387 1136 2392 ¹

222 2388 353 2501 pellanturs,
369 2394 483 2448 exterior,
499 2394 525 2441 ὅ(
536 2394 645 2442 interior:
662 2395 742 2458 itaque
752 2391 811 2441 dixit
822 2389 887 2439 idem
902 2393 1018 2456 proximo
1031 2392 1038 2403 '

224 2466 376 2511 noreveru,

323 2524 366 2564 Nec
376 2519 459 2581 fragili
468 2522 554 2581 gmina
566 2521 678 2582 poliantur
689 2523 774 2584 pumice
784 2517 874 2578 frontes.

227 2580 258 2625 Et
273 2580 394 2628 Catullus:

327 2649 366 2690 Cui
381 2648 433 2691 dono
449 2646 543 2707 lepr'dum
557 2663 637 2693 novum
653 2647 767 2703 libellum,

323 2710 404 2754 orrida
418 2711 479 2754 modo
491 2713 575 2771 purnice
589 2727 599 2754 ι
627 2712 727 2755 alitum?

222 2769 341 2876 ligulam
357 2784 454 2834 quoque
465 2775 598 2834 pumicaram
624 2771 666 2821 'bri
676 2772 771 2831 frontem
791 2770 851 2819 dixit
873 2769 935 2820 libro
953 2772 1042 2838 primo.
1066 2779 1092 2823 P.

267 2845 312 2880 nur.

240 2911 291 3002 ff
309 2897 511 2957 eAEdificarionemJ
525 2897 680 2945 Monumenti
694 2896 733 2945 vel
743 2897 827 2962 templi
837 2900 863 2946 in
873 2897 994 2947 honorem
1005 2900 1092 3011 Apflii,
1128 2935 1129 2938 ,

256 2962 387 3023 'alippius
398 2960 496 3025 quidam
507 2959 644 3008 lervator&
663 2964 727 3007 Deus
739 2958 971 3024 provinciaefitiss'et:
997 2977 1026 3013 ut
1061 2963 1093 3011 eri

221 2968 319 3070 Folebat.
334 3040 356 3075 v.
365 3030 414 3075 Art.
424 3040 461 3072 21.
477 3025 546 3070 nullos
556 3026 640 3069 laetiores
650 3026 718 3079 mihi,
733 3024 775 3083 nifi
787 3026 920 3080 verborum,
936 3025 1092 3082 decernatur,

216 3081 319 3190 galleas,
331 3088 407 3148 fana,
423 3087 543 3147 τέθριππα
558 3086 660 3149 prohibeo.
685 3090 746 3136 Suet.
765 3085 817 3136 Tib.
830 3095 866 3136 2⁶.
884 3086 938 3135 Οᾶ.
956 3104 994 3144 52.
1029 3090 1090 3151 JJ.
1126 3129 1128 3154 3

255 3163 317 3196 Onov·

244 3162 291 3267 r45.
308 3210 563 3272 V{cimeadirameffea]
594 3216 674 3274 Qrum
687 3226 728 3259 me
745 3206 924 3268 commilitat,
941 3224 1020 3277 qtmm
1032 3208 1092 3280 apid

221 3282 261 3316 me
280 3272 391 3321 nonnulli
408 3273 483 3337 questi
497 3271 577 3323 effent.
600 3272 676 3322 Cesar
703 3277 781 3325 rCiv.
796 3284 832 3331 87.
859 3277 1006 3341 Quumque
1025 3278 1091 3341 postea
1128 3333 1131 3340 Ι

145 3351 146 3354 ’
220 3337 368 3394 controverfias
387 3339 443 3383 inter
459 3339 578 3396 semiliter
597 3338 731 3394 habuerant,
759 3340 832 3401 sponte
853 3340 882 3384 aa
904 3340 1004 3400 Caefiarem
1020 3344 1045 3389 ἐκ
1054 3344 1091 3401 jn

220 3395 327 3509 fferam.
351 3403 401 3447 Seu.
421 3400 515 3449 Hercul.
533 3404 585 3450 Ful·
598 3416 651 3459 733·
674 3401 765 3450 «Aditur
780 3403 820 3451 illa
838 3400 934 3463 Gnoffitts
945 3405 1023 3451 Mirm
1034 3402 1090 3465 fon,

249 3472 296 3509 tm.

1000 3538 1041 3593 46.
1059 3532 1087 3578 A
