2272 4020
221 169 749 243 LintuTrnrrus.
876 199 937 269 ¹3⁹

57 304 164 378 genere
188 292 240 353 isto
266 291 438 368 legationum
466 288 619 354 delectari:
638 292 667 351 id
686 314 722 355 ue
748 312 797 355 me
821 298 936 361 arbitror

63 372 200 451 symnadis
219 387 272 447 pro
298 369 426 428 tribunali
452 370 545 429 multis
563 370 652 430 verbis
692 371 862 447 ‘putaviffer
882 376 939 455 pti-

63 450 161 522 mbm,
180 448 306 525 Appium
320 444 487 517 Claudium,
506 446 628 517 senatui,
646 450 809 527 populoque
828 454 937 512 Roma-

62 546 103 589 no
125 572 134 599 ‚
161 544 222 587 non
236 524 288 613 {M
309 521 455 583 ndensrum
475 524 654 595 testimonio,
681 526 748 601 (²in
761 544 794 587 ea
807 529 883 588 enim
898 527 1087 589 cizMidm·

62 607 151 665 vitate
165 613 274 663 mentro
284 541 356 661 {eta
369 598 421 677 est)
440 600 487 659 sed
498 599 545 661 sua
564 600 685 676 sponte,
704 599 758 663 eise
777 602 934 667 laudatum:
946 592 1007 671 ΜΡ
1017 600 1068 661 R*

62 680 168 741 deinde
181 698 230 741 me
242 677 290 737 ista
302 672 397 757 uidisse
409 677 501 764 multis
521 677 646 739 accidere
659 722 669 749 ,
687 690 719 737 ut
739 696 838 741 eorum
859 683 936 742 causa
945 661 1053 771 mn

62 758 217 835 legationes
230 756 356 815 Romam
376 765 525 822 venrrentr
545 753 593 816 sed
611 755 652 815 his
670 754 851 832 legationibus
876 778 1006 835 uonslum

63 830 222 897 meminiffe
245 831 334 890 ullum
352 842 463 907 tempus
480 829 633 902 laudandi,
666 844 714 895 aut
740 833 837 893 loeurn
857 833 914 894 dari
927 856 934 893 :
946 853 1042 897 Gronov.

63 910 152 975 {india
166 910 236 969 mihi
256 925 356 968 eorum
375 906 507 983 placete,
533 907 612 987 qubd
640 909 669 971 iu
690 922 718 968 te
745 911 817 971 beni
837 912 938 971 merito
950 927 964 960 a
978 908 1064 961 arride,

63 989 135 1065 grati
147 984 234 1047 effent
253 1006 261 1045 r
282 983 428 1045 confilium
442 983 557 1043 btotum
576 984 664 1043 videti
684 986 801 1046 minime
821 985 966 1056 necessa-r,
981 1019 1049 1054 mum

64 1067 149 1125 rium.
187 1064 216 1122 Si
228 1075 323 1122 autem
337 1060 442 1122 vellent
454 1060 590 1121 declarare
603 1063 633 1121 in
648 1080 684 1121 eo
699 1063 824 1122 officium
842 1065 921 1123 suum
931 1109 940 1136 ‚
950 1072 1075 1121 rusurre-

62 1141 242 1203 laudaturum
256 1157 321 1209 me,
341 1136 362 1197 fi
375 1139 425 1216 qui
437 1137 487 1197 suo
501 1136 611 1214 sumptu
625 1139 733 1201 funerus
747 1138 813 1199 effer
828 1142 940 1203 officio:

65 1214 279 1286 coneeffurum,
298 1213 473 1291 filegitimo:
494 1232 554 1273 non
574 1214 789 1292 permissurum,
809 1216 830 1275 sr
850 1216 943 1277 infini-

65 1306 108 1357 το.
148 1293 228 1429 <pud
241 1294 316 1351 enim
329 1290 494 1366 reprehendi
507 1291 611 1367 potest,
631 1291 680 1350 nisr
693 1294 771 1369 quod
784 1293 859 1353 addis
873 1338 882 1365 ,
902 1298 944 1355 vi-

63 1370 128 1431 sum
143 1389 159 1431 e
182 1368 369 1456 equibusdam
384 1367 507 1427 edietum
522 1385 619 1429 meum
637 1411 646 1437 ,
666 1368 741 1446 quast
761 1371 888 1430 consulti)
907 1372 943 1432 ad

65 1447 127 1508 istas
148 1448 298 1522 legationes
316 1444 505 1520 impediendas
525 1442 578 1504 effe
597 1446 866 1505 accommodatum?
880 1449 943 1522 Jam

65 1543 128 1587 non
149 1536 209 1582 tarn
230 1523 300 1581 mihi
328 1520 457 1583 videntur
482 1522 611 1597 injuriam
639 1523 730 1582 faeere
743 1524 785 1593 ii,
812 1525 860 1601 qui
880 1527 943 1585 haec

65 1600 225 1679 disparant,
243 1596 367 1675 ⁶²quim
380 1597 401 1655 fi
414 1599 491 1675 cujus
505 1616 582 1659 aures
596 1598 630 1658 ad
643 1600 715 1658 hane
729 1601 943 1677 disputationem

67 1689 174 1758 patent.
214 1678 316 1734 Rornae
336 1674 483 1750 composui
504 1673 648 1734 auteur:
670 1677 738 1734 nihil
758 1677 874 1747 addidi,
893 1677 944 1737 nist
998 1712 1001 1717 ·
1077 1730 1088 1739 ..

71 1754 154 1842 quod
166 1751 305 1830 publicani
318 1769 365 1808 me
380 1762 533 1827 rogarunt,
554 1749 618 1811 euru
640 1752 752 1811 Samum
773 1753 809 1812 ad
828 1772 875 1812 me
896 1773 946 1813 te·

49 1822 52 1839 '
67 1826 196 1902 nriient,
213 1840 247 1887 ut
259 1827 295 1885 de
307 1839 359 1885 tuo
374 1827 466 1887 edieio
480 1828 600 1886 totidem
620 1829 708 1887 verbis
727 1830 901 1890 transferrem
916 1832 946 1891 in

70 1924 180 1967 meum.
217 1902 430 1980 Diligentiffime
448 1903 577 1978 seriptum
592 1916 674 1979 caput
695 1905 753 1975 est,
773 1906 851 1982 quod
864 1909 947 1986 petti-

70 1994 121 2047 net
142 1982 178 2042 ad
205 1979 373 2040 minuendos
393 1978 453 2037 sum
472 1990 515 2039 tus
536 1980 702 2037 civitatum:
729 1999 787 2056 quo
807 1983 836 2041 in
859 1986 948 2060 capite

68 2058 134 2120 sunt
154 2058 287 2136 quaedam
307 2073 407 2127 nova,
433 1997 553 2113 safutaria
573 2055 747 2117 civitatibus:
768 2059 865 2134 quibus
892 2078 946 2135 ego

71 2153 244 2213 magnopere
257 2132 388 2193 delcetor.
426 2133 495 2194 Hoc
509 2129 601 2202 verb,
621 2150 655 2190 ex
670 2151 728 2210 quo
749 2134 861 2210 suspicio
882 2149 946 2195 nata

72 2212 136 2283 est,
157 2230 205 2271 me
225 2206 387 2287 cerquififfe
413 2209 539 2287 aliquid,
558 2209 588 2268 in
613 2226 672 2287 quo
698 2222 727 2269 te
754 2211 967 2283 offenderem,c
993 2219 1095 2288 exquisi-

71 2287 302 2352 ruminantium
317 2286 362 2349 est.
382 2287 484 2368 Neque
499 2287 576 2349 enim
589 2304 665 2347 eram
678 2299 737 2349 tam
752 2288 901 2367 defipiens‚
916 2301 945 2378 ut
956 2283 1011 2339 visse
1020 2288 1079 2351 dib.

869 2412 872 2416 .
893 2380 948 2447 pn.

74 2504 205 2564 odinum,
222 2504 282 2554 nihil
290 2503 454 2563 inconditum,
469 2503 529 2555 nihil
539 2517 607 2579 turpe
616 2518 743 2557 notaretur.
760 2506 859 2572 epistola
873 2508 947 2556 etiam

74 2572 187 2640 proxima
196 2568 355 2623 urbanitatem
365 2570 391 2618 in
401 2569 481 2633 Appio
489 2567 601 2619 laudavrt.
618 2573 739 2623 nudarat.

107 2643 147 2686 62.
165 2631 527 2700 Qiaficujusaures.]Dive1se
542 2632 567 2680 in
581 2630 676 2681 diversis
692 2632 807 2697 exemplis
824 2632 862 2681 hic
879 2630 946 2682 locus¹

74 2694 189 2747 scribitur.
221 2700 249 2744 In
265 2696 378 2751 Venetis,
397 2696 495 2758 quamfi
513 2698 573 2755 cujus
588 2711 657 2748 aures.
692 2694 779 2753 Alibi,
793 2713 859 2761 quam
873 2696 895 2758 fi
913 2701 949 2755 is,

76 2764 145 2823 ujus.
180 2757 258 2815 Alibi,
273 2774 340 2822 quam
350 2761 387 2813 hi,
402 2774 499 2823 quorum.
517 2761 637 2812 Cametar.

109 2832 149 2880 63.
167 2824 336 2871 Translaritium
347 2821 394 2880 esa]
425 2822 518 2885 Proprie
528 2819 574 2877 est,
590 2819 657 2885 quod
667 2820 747 2873 erebro
757 2820 787 2870 de
795 2837 845 2871 uno
854 2822 912 2872 loco
921 2822 948 2873 in

76 2886 180 2937 alterum
189 2884 334 2935 transfertur.
367 2880 396 2932 rd
404 2881 542 2948 usurpabant
553 2885 666 2948 praecipue
676 2885 706 2932 de
715 2884 827 2949 capitibus
837 2884 885 2933 five
893 2900 948 2951 paru

76 2947 138 3001 tibus
148 2949 296 3004 eunoun,
312 2961 363 3011 qux
375 2944 484 2995 omnibus
494 2945 544 2995 fere
553 2946 640 2995 eodem
649 2945 713 2996 sensu
722 2948 854 3013 iisdemque
870 2947 948 3000 verbis

79 3013 181 3077 repetita
195 3007 372 3068 inserebantur,
387 3012 414 3059 δι
424 3007 455 3057 fic
466 3024 495 3059 ex
505 3024 554 3057 uno
568 3011 594 3059 in
604 3010 667 3059 aliud
679 3011 884 3063 transferebantur.
901 3013 947 3059 Di·

78 3075 112 3122 cit
127 3088 198 3186 rgrapur
214 3076 326 3184 gicero&
348 3071 397 3123 uod
414 3074 503 3146 Appius
514 3071 537 3122 se
548 3072 676 3184 laediputet
688 3076 713 3123 in
724 3073 802 3149 ediiio
814 3075 947 3185 (liupponisd

77 3151 159 3249 {3¹¹³
174 3138 570 3264 allipisotreaffrklsumfflfffffflffl
579 3136 853 3268 ’aiiiesdpbrgilsslodlteliffiig
865 3149 946 3251 Leib..¹r

78 3263 234 3314 iuvenemt
258 3269 284 3315 ln
298 3280 320 3309 re
335 3276 381 3309 tam
396 3264 473 3322 nstrata
488 3265 544 3324 satit
564 3262 666 3322 ostendere
689 3279 757 3309 omnes
777 3274 840 3308 antra
858 3263 898 3321 jus
913 3266 949 3308 ita

79 3326 155 3385 diarrffl
171 3343 179 3373 .·
193 3327 228 3378 ,ἐν
240 3328 276 3373 bor
292 3328 459 3375 uermerium
472 3326 670 3387 translatitiumque
686 3325 730 3387 effe.
763 3325 825 3373 Hinc
839 3324 951 3389 accipitur

80 3386 165 3439 eadam
176 3390 289 3445 notione,
305 3404 352 3454 qua
362 3390 420 3441 alias
433 3390 531 3439 dicimus
548 3388 658 3453 vulgare,
678 3400 810 3452 receptum,
820 3383 948 3443 solemne,

99 3449 243 3519 rndpaffim
258 3454 365 3503 occurrit.
387 3458 478 3503 Petron.
499 3452 685 3515 Intelligebamque
701 3469 735 3498 me
753 3468 794 3498 non
812 3452 950 3498 translatitia

76 3465 216 3583 jeremiam
231 3515 271 3581 effe
287 3516 419 3583 itfignitnnr.
448 3515 538 3575 idem:
557 3520 602 3568 mc
616 3517 685 3567 Giton
699 3531 734 3565 m
746 3515 858 3567 tralatitia
867 3514 952 3630 mg}

905 3592 913 3622 2
1057 3608 1059 3614 ,
