2272 4020
233 149 291 215 252
349 129 459 197 Earsr.
480 143 532 193 au
552 117 759 192 Macrinum
779 140 822 189 rr
838 136 993 197 curratis

265 313 299 372 u.
320 311 534 387 LuccEJus,
560 315 599 389 Q.
618 316 648 373 s.
674 311 716 371 M.
736 309 775 370 T.
795 310 828 369 e.
848 311 890 369 M.
910 312 940 370 r.
974 314 1000 373 s.
1020 315 1059 375 u.
1122 268 1130 401 i

16 428 19 433 Ι
84 477 196 555 hpatulo
226 453 278 561 SI
298 420 369 515 vales
377 498 393 543 ⁹.
405 453 475 513 bene
490 452 527 512 est
533 472 542 540 3
562 452 659 543 valeo«,
679 450 747 583 siqup
766 446 859 585 soleqf
858 469 866 508 t
886 448 1030 585 bpaullplq
1051 465 1086 514 ta.
1128 428 1130 491 Ῑ

84 543 136 590 ²⁴⁶·
225 528 876 725 pausillis?ardidim}
893 530 1107 677 {silisis

243 683 351 762 squam
367 678 532 745 discesserat:
552 683 663 743 miratus
676 679 753 749 sum,
772 678 849 756 quod
861 680 930 739 item
945 698 1022 741 nunc
1041 684 1089 743 rui·

1041 776 1089 819 rur.

533 883 544 905 Q

257 932 293 975 81.
310 931 381 992 ‘Rom
396 928 448 990 quia
454 926 522 989 possea
532 943 571 972 nan
584 927 725 986 fassianam
737 941 751 971 a
762 941 795 973 me
804 922 939 984 liffeim]
962 925 999 973 Sic
1009 941 1087 977 omues

224 990 262 1033 vul
266 990 314 1052 gai
324 988 417 1036 codices
427 988 492 1036 nulla
502 988 583 1039 mendi
595 987 727 1053 suspicione.
760 985 805 1052 lpsr
823 987 947 1050 antiquam
963 986 1086 1051 lediioueru

224 1049 295 1099 secuti
306 1048 402 1106 sumus,
418 1065 491 1114 quam
507 1055 531 1100 &
543 1055 670 1117 genuinam
683 1054 708 1101 δι
718 1048 816 1118 probant
833 1062 962 1113 putamus,
978 1064 1004 1099 ut
1024 1053 1086 1103 intel·

224 1112 283 1175 ligat
302 1112 427 1177 postquam
447 1118 527 1163 Roma
547 1118 678 1176 distellivat,
700 1110 775 1161 Caesar
795 1116 823 1160 lc.
841 1126 984 1175 quanquam
1003 1130 1084 1166 nomeu

225 1172 320 1223 cesaris
331 1191 381 1223 non
392 1177 466 1238 ponit.
499 1176 566 1224 Nihil
579 1192 658 1226 autem
669 1178 755 1224 mirum
764 1174 838 1222 videri
850 1172 933 1222 debet:
952 1175 983 1223 de
998 1181 1084 1244 maguis

224 1238 290 1285 eniru
301 1240 325 1285 lic
336 1234 475 1303 principibus
484 1241 538 1287 viris
549 1238 580 1287 sic
589 1242 716 1304 loquimur.
749 1238 812 1285 Dicit
828 1239 898 1302 igitur
917 1241 1031 1301 Lucceius
1047 1243 1085 1291 ci·

224 1312 336 1349 teronem
351 1306 430 1350 Roma
446 1301 515 1351 exisse
535 1317 588 1350 cum
605 1302 680 1353 Cesar
695 1298 810 1356 discessit,
827 1316 870 1348 uec
891 1300 975 1363 postea
1000 1300 1087 1353 rediisse

227 1360 285 1411 dum
301 1362 377 1411 Cesar
391 1360 483 1414 abesset.
517 1362 634 1413 Possumus
658 1363 751 1413 infinita
769 1363 878 1425 exempla
894 1377 924 1409 ex
941 1362 1045 1429 epislolis
1059 1366 1086 1415 ad

225 1427 331 1473 Atticum
342 1427 429 1482 citare,
446 1442 496 1489 quae
508 1442 569 1475 nunc
579 1429 786 1492 praetermittemus.
814 1430 936 1490 speramus
945 1440 1029 1477 tamen
1039 1444 1085 1479 rem

225 1488 314 1536 claram
325 1500 362 1536 tot
372 1491 538 1553 exemplorum
550 1493 726 1539 coacervatione
741 1488 800 1536 fore.
834 1494 860 1535 ln
871 1486 980 1555 epistolis¹
993 1488 1086 1541 advar-

226 1564 330 1599 runem:
346 1550 384 1610 Est
394 1556 460 1615 igitur
469 1556 571 1599 arveum
583 1559 605 1600 iu
616 1554 769 1618 exspersit'irne.
803 1553 838 1599 Sic
853 1551 919 1598 euim
934 1554 997 1603 olim
1012 1553 1086 1603 lom

225 1611 296 1677 illurn
312 1611 408 1662 solitum
423 1612 469 1663 esse
483 1616 531 1682 legi
552 1632 581 1665 eo
596 1617 652 1665 loco
666 1614 809 1663 docebimus.
842 1615 881 1662 Ali
900 1616 925 1663 ui
940 1615 1086 1679 autemudrm

228 1689 279 1722 rem
296 1677 419 1725 clariorem
437 1678 513 1727 fucere
530 1679 640 1735 student,
656 1678 791 1725 consuetum
808 1675 875 1724 dicen
893 1692 901 1724 r
922 1678 1026 1733 modum
1039 1694 1085 1729 uua·

227 1752 352 1801 rumpunt:
369 1755 423 1787 cum
434 1744 499 1789 enim
509 1744 569 1791 hanc
579 1740 693 1805 loquendi
704 1740 821 1788 rationem
833 1755 883 1786 non
895 1738 953 1788 alibi
968 1743 996 1790 in
1007 1742 1084 1791 veteri-

227 1799 270 1849 bus
281 1802 412 1851 audorilsus
422 1802 583 1860 adamassem,
599 1807 624 1853 δι
635 1802 718 1852 nostris
728 1804 800 1850 etium
817 1801 965 1865 temporibus
982 1818 1085 1853 commu·

228 1880 284 1913 nem
294 1862 339 1913 effe
348 1882 398 1913 non
411 1870 553 1931 cogitarent,
568 1869 649 1915 locum
660 1866 779 1915 Ciceronis
796 1863 961 1928 depravarunt.
994 1873 1024 1917 In
1034 1882 1085 1917 euu-

227 1926 330 1991 dernque
342 1929 436 1993 culpam
446 1930 587 1986 inciderunt,
604 1929 690 1978 eodem
699 1942 774 1977 errore
785 1926 887 1991 decepti,
904 1930 948 1990 qui
964 1930 1085 1996 nuperius

226 1990 336 2045 epistolas
346 1994 449 2041 Veneriis
457 1993 585 2042 ediderurt.
619 1998 682 2041 Crun
692 1994 757 2039 enim
768 2003 821 2038 ante
831 2006 856 2039 m
866 1988 971 2053 vulgatis
982 1992 1087 2043 omnibus

226 2048 290 2102 libris
301 2055 362 2103 secie
379 2054 415 2102 hic
431 2056 497 2103 locus
512 2057 626 2121 legeretur
641 2059 666 2102 in
681 2053 782 2117 epistolis
799 2052 828 2101 ad
844 2056 945 2111 lutum,
965 2062 1019 2103 cum
1032 2056 1085 2117 effert

225 2120 301 2176 otiosis
312 2122 335 2163 in
346 2119 477 2177 Tusculano,
491 2131 596 2182 propterea
605 2121 661 2183 quud
672 2119 782 2179 dsfiipralor
796 2119 881 2162 olvr'am
895 2117 1001 2176 miseram
1015 2152 1022 2175 ,
1037 2132 1061 2166 ur
1069 2120 1087 2165 ii

225 2197 258 2224 me
269 2197 334 2242 quarm
344 2184 438 2227 manime
446 2183 579 2227 conciliarent
590 2181 705 2239 fiarm'liuri
722 2181 760 2240 suo
779 2176 865 2242 (sermo
881 2180 948 2227 enim
965 2180 1087 2245 proculdu·

225 2240 265 2288 bio
276 2241 309 2289 esi
321 2241 350 2288 de
363 2241 452 2290 Cessare
465 2259 470 2289 :
488 2258 531 2291 nec
541 2257 621 2291 tamen
632 2244 779 2297 nominatur,
796 2241 873 2304 licque
885 2242 976 2306 legitur
992 2248 1018 2293 in
1034 2260 1086 2293 cum

226 2304 270 2350 siis
281 2306 306 2355 ὅι
318 2305 432 2368 antiquis,
450 2308 475 2353 δι
487 2320 542 2353 ultre
552 2307 613 2354 lusnc
622 2304 736 2370 impressis
752 2304 868 2355 codicibus
881 2303 905 2365 ι)
923 2305 948 2355 hi
968 2304 1009 2357 hic
1018 2311 1086 2359 etiam

227 2367 304 2427 (ascari
322 2366 476 2430 reposuerunt.
511 2373 563 2417 Nos
580 2370 667 2417 cunciis
690 2368 725 2416 uis
740 2368 798 2415 locis
817 2368 941 2431 antiquam
958 2370 986 2419 δι
1008 2372 1088 2420 melio·

225 2444 276 2477 rem
288 2429 416 2479 leslionem
427 2429 620 2481 conservavimus.
639 2435 749 2479 Weiorius.
779 2472 786 2483 ,

258 2502 294 2543 82.
311 2498 359 2540 Non
368 2494 437 2552 fur'lsi
445 2529 452 2550 ‚
464 2495 531 2559 quim
547 2496 686 2556 damarim]
702 2493 874 2559 Adstipulantur
888 2492 993 2557 quidem
1009 2510 1088 2545 omnes

224 2556 563 2621 Pull.vulgzltaeleffloniqudm
573 2560 587 2604 a¹
598 2576 631 2604 me
640 2560 770 2618 distr-fferam
788 2554 826 2604 sed
835 2569 917 2604 tamen
928 2560 1010 2609 verior
1015 2560 1088 2608 omns·

225 2635 259 2666 no
278 2618 311 2667 est
326 2618 416 2676 nostra,
433 2635 505 2683 quam
520 2634 639 2688 acceptam
655 2620 774 2671 referimus
790 2618 896 2666 visione
913 2634 941 2668 ac
956 2625 1087 2679 Vatican03

226 2681 343 2731 subintelli
360 2684 405 2731 itur
421 2681 461 2745 (ut
481 2687 554 2733 etiarn
568 2683 630 2733 reii'e
651 2685 741 2731 notavit
758 2680 896 2745 Lambinus)
915 2682 995 2734 Cacsar
1008 2721 1016 2743 ,
1030 2686 1089 2745 cuitu

225 2760 316 2793 nomen
327 2699 431 2794 sditicen
440 2745 528 2795 solebat
539 2782 545 2804 ‚
562 2746 710 2796 consulantur
723 2745 823 2811 epistolar
834 2743 863 2793 ad
874 2750 904 2795 T.
913 2750 1086 2813 Pomponium

226 2805 258 2854 fic
269 2806 309 2856 lib.
318 2823 352 2857 rx.
370 2824 405 2872 ep.
414 2818 435 2857 6.
453 2813 477 2857 &
496 2827 531 2865 17.
549 2812 652 2859 Gis-hard.
1077 2850 1084 2863 ,

262 2879 298 2923 83.
314 2872 390 2930 Quam
406 2874 543 2931 diffie-[serm]
576 2875 681 2935 Antiqua
690 2872 727 2920 hic
745 2872 828 2919 olima
843 2869 914 2920 nobis
930 2907 938 2929 ,
954 2875 982 2922 &
998 2876 1087 2941 elegans

225 2932 298 2981 lessio
314 2932 417 2981 restituta
432 2933 481 2990 est,
498 2950 571 2999 quum
591 2949 672 2983 tamen
692 2933 828 2998 quibusdam
847 2950 899 2982 non
919 2936 1086 3001 probavimus,

227 2995 244 3047 s
267 3008 384 3044 rotamen
399 2996 467 3044 illam
481 2996 557 3044 doetis
573 2999 640 3055 aliis,
658 3001 682 3046 ὃς
700 2995 825 3060 ingeniolis
840 2997 895 3045 viris
911 2998 1043 3062 probatum
1056 3000 1085 3049 iri.

221 3059 240 3108 li
256 3096 262 3107 .
272 3074 331 3109 vr11.
349 3058 498 3124 epistolarum
508 3060 538 3107 ad
548 3062 654 3108 Atticum
665 3061 749 3108 Cicero
758 3058 843 3107 eodem
853 3060 925 3123 passo
937 3064 1033 3111 loeutus
1043 3060 1086 3119 elis

223 3138 297 3187 quum
303 3124 367 3171 enim
379 3125 484 3187 Pompeii
494 3137 588 3186 peccata
595 3125 729 3188 colligeret,
738 3125 763 3173 se
770 3124 848 3171 omnis
858 3122 889 3170 de
898 3124 1017 3175 eosermo
1024 3122 1085 3179 esset.

224 3201 314 3235 nomen
324 3184 393 3251 ipsius
402 3201 525 3249 nimquam
542 3184 616 3255 posuit
631 3204 637 3235 ι
656 3189 754 3235 orirerur
770 3188 886 3247 cascaram,
901 3190 996 3235 eundem
1017 3200 1086 3251 repent

223 3252 298 3294 rr'rncrt
309 3264 408 3312 ruperat,
424 3252 560 3296 conditionem
588 3254 632 3299 ucis
642 3252 724 3296 sanilam
737 3250 854 3309 prosam,
870 3250 916 3300 dyc.
935 3249 1087 3315 Poffemlls&

225 3310 271 3357 aliu
280 3314 388 3375 exempla
400 3311 488 3361 adferre
500 3330 506 3363 r
524 3311 562 3361 scd
572 3264 618 3363 inc
630 3348 637 3369 ‚
672 3311 719 3360 uod
733 3311 802 3359 valde
818 3314 1035 3363 accommodatum
1047 3310 1086 3367 cs,

224 3376 446 3431 contenderimus,
464 3379 488 3424 δι
499 3376 558 3425 alios
573 3378 645 3424 etiam
654 3329 713 3424 sure
728 3372 872 3425 arbitramur.
906 3376 1040 3442 Postquam
1053 3388 1085 3425 au·

223 3450 274 3487 reru
287 3436 349 3486 illius
365 3436 539 3503 elegantissima
554 3438 673 3505 epistola,
690 3441 716 3489 &
731 3451 785 3488 cum
800 3454 892 3507 magno
912 3436 1085 3569 ardoremaqium'
1128 3514 1130 3524 Α

1080 3530 1087 3555 Ι
