2206 3914
185 158 248 231 286
293 156 474 227 Ensnnn
493 153 750 241 Tonounrtm,
769 174 815 225 ur
835 174 994 235 cernuos
1088 191 1094 230 i

75 293 101 345 r.
116 290 144 341 ι.
187 280 265 341 dedit
277 280 364 340 animi
378 294 442 356 erga
454 288 484 337 te
496 279 621 355 mitigati.
659 278 952 363 Nectamenisipse,
972 282 1058 365 lquo

189 358 257 419 salus
297 358 402 427 etitur,
427 356 510 415 habet
529 354 692 431 explicatam
718 368 765 415 aut
786 359 958 435 exploratam
978 366 1058 425 ratio·

189 453 258 497 nem
272 376 359 495 glutis
379 434 443 494 suae.
462 433 537 491 Cum
557 450 594 491 uc
607 434 736 492 omnium
756 434 890 496 bellorum
910 441 1001 500 exitus
1020 440 1059 500 in·

190 514 260 573 certi
273 511 326 572 srnr
339 534 349 581 ;
369 511 404 570 ab
416 511 498 569 altera
512 511 541 569 vi
570 510 627 569 oria
640 511 689 569 tibi
702 511 854 588 periculum
868 514 986 575 ¹nullum
1008 514 1057 581 effe
1095 531 1098 542 ·

188 590 341 679 perspicio,
359 586 438 666 quod
451 586 566 663 quidem
580 586 733 663 sejuntrun
747 587 779 646 sit
791 588 825 647 ab
838 592 1059 653 omniuminter·
1092 643 1096 668 ,

188 682 230 729 rtu
252 688 259 726 :
287 668 320 725 ab
333 666 416 725 altera
428 675 457 722 te
478 664 566 739 ipsum
587 682 741 741 numquam
761 663 875 725 tenuisse
897 668 977 728 certo
996 670 1058 731 scio.

191 745 342 821 Reliquum
358 742 412 810 est,
431 754 463 800 ut
474 750 503 798 te
516 741 545 799 id
560 742 673 815 ipsum,
692 740 770 818 quod
790 759 844 819 ego
865 744 942 821 quasa
962 746 1057 807 conlo·
1093 799 1098 818 ,

188 821 298 881 lationis
311 820 377 879 locu
390 835 484 895 pono,
505 816 628 875 maxime
646 819 801 889 excruciet,
821 837 978 881 commune
991 824 1058 899 pen'·
1094 845 1100 862 ·

189 899 286 958 culum
301 896 455 972 reipublicae
469 916 479 962 ;
500 894 577 969 cujus
589 895 659 952 tanti
673 896 755 964 muli,
775 900 902 973 quamvis
916 898 996 975 dosti
1010 901 1056 966 viri
1094 937 1097 946 ·

191 974 279 1035 multa
293 972 385 1032 dicant
399 1015 408 1042 ‚
428 981 544 1029 ttamen
558 987 674 1040 vereor,
693 987 730 1029 ne
744 972 897 1034 consolatio
910 975 987 1035 nullu
1001 976 1057 1053 pol

192 1052 225 1111 srt
239 1068 304 1109 vera
317 1048 428 1125 reperiri
443 1090 453 1117 ,
471 1060 571 1123 praeter
591 1048 690 1117 illem,
710 1064 775 1123 quae
796 1062 871 1107 tanta
892 1048 955 1122 est,
975 1070 1058 1130 quan·
1098 1109 1101 1128 ,

191 1142 252 1187 tum
274 1128 304 1185 in
326 1126 456 1203 cujusque
487 1125 584 1183 animo
605 1124 712 1183 roboris
733 1124 770 1183 est
795 1136 879 1202 atque
896 1136 1057 1191 nervorum:
1095 1165 1098 1188 ι

43 1227 140 1281 affl
193 1206 221 1264 Si
235 1205 310 1263 enim
331 1204 402 1262 benc
422 1201 543 1271 sentire,
569 1196 720 1279 dicereque
739 1202 854 1273 facere,
887 1203 948 1264 satis
969 1205 1007 1265 cst
1024 1205 1057 1269 ed

44 1298 117 1345 MSS.
194 1282 266 1341 bene
285 1278 418 1357 beatique
446 1277 623 1347 vivendum,
659 1288 757 1338 senon
778 1296 900 1353 vercor,
920 1298 959 1341 ne
979 1301 1058 1356 eum.
1096 1295 1099 1350 ξ

44 1362 149 1407 eum.
194 1358 290 1437 quise
316 1358 490 1433 optimorum
517 1354 694 1413 confiliorum
721 1355 886 1415 conscicntia
917 1358 1059 1426 sustentare
1093 1401 1102 1444 ³.

45 1422 175 1471 *ΝΜ
195 1434 293 1512 polilt,
312 1434 440 1491 miserum
461 1428 515 1489 effe
528 1430 543 1471 ⁶
549 1433 626 1491 nefas
646 1430 679 1491 srt
698 1430 798 1491 dicere.
837 1434 900 1491 Nec
914 1438 991 1495 enim
1011 1454 1058 1497 not

194 1512 309 1571 arbitror
329 1508 454 1568 victoriae
466 1509 587 1587 praemiis
599 1508 714 1578 ductos,
733 1510 850 1585 patriam
870 1510 941 1570 olim
955 1511 1016 1649 ‚hdr
1030 1514 1060 1574 li-
1098 1535 1102 1600 ζ

989 1608 1060 1662 er⁰⁶·
1098 1605 1102 1680 5

230 1759 254 1803 4.
270 1740 585 1801 Tamenverrermconsolatio
596 1739 638 1788 illa
649 1737 708 1803 poffit
719 1738 776 1797 iro]
790 1741 875 1789 Veneti
894 1744 921 1799 δι
938 1742 980 1793 alii
989 1745 1059 1801 unffi,
1099 1753 1102 1786 ἔ

198 1803 321 1870 quodpro
337 1805 385 1849 ulla
399 1817 423 1852 re
456 1801 569 1852 nendum.
601 1806 668 1851 Nam
683 1817 734 1851 non
749 1800 796 1852 hoc
808 1800 865 1853 dicit
881 1818 945 1855 certe
961 1807 1059 1865 cumo,
1100 1813 1102 1820 '

198 1864 417 1923 mmmssmn
476 1863 1102 1929 mmmmmfflfflfflm&mffihffl·

198 1944 225 1981 ut
236 1931 337 1981 omnino
348 1930 427 1994 aliqua
437 1926 573 1990 huiusmodi
582 1930 676 1994 reperiri
683 1925 761 1995 poss'rt.
781 1934 885 1979 camerar.

233 2013 254 2053 5.
271 2002 318 2043 Non
332 2011 418 2049 vereor,
428 2011 453 2040 ne
471 2010 536 2051 eum,
551 1996 591 2057 qui
610 1994 634 2054 se
654 1996 779 2055 optimorum
794 1992 926 2051 confiliorum
942 1996 1062 2058 constitutit

193 2058 308 2121 sustentare
325 2056 403 2119 P⁰ffi¹·]
438 2058 582 2121 Negativum
601 2056 740 2119 particulam
757 2067 812 2104 ante
830 2072 924 2112 vereor,
939 2070 1007 2108 vetus
1025 2058 1063 2110 ille

199 2114 1062 2179 mmmmmmmmmmmssmmmmm

200 2185 294 2246 rumpit.
328 2179 404 2229 Potest
414 2180 479 2228 euim
493 2194 548 2227 cum
556 2180 741 2243 interrogatione
754 2180 821 2229 locus
836 2182 903 2249 legi,
918 2184 986 2248 quali
1000 2182 1062 2233 dixe·

198 2246 243 2300 rit,
259 2244 332 2292 vereri
342 2241 436 2292 debeo?
457 2244 503 2292 &n
536 2245 590 2291 Nos
610 2240 670 2290 nihil
685 2243 881 2293 immutavimus:
901 2244 975 2311 fiquis
991 2261 1064 2304 vetem

199 2306 302 2355 lestione
316 2306 393 2378 magis
407 2302 535 2353 deretrnur
550 2319 604 2353 eam
618 2318 725 2369 reponat.
753 2309 865 2359 l'iclorius.
902 2308 1063 2376 Interrogandi

195 2381 255 2417 nota
265 2366 405 2417 sententiam
420 2368 461 2417 alii
473 2364 662 2418 concludendam
676 2380 767 2433 putant.
785 2368 869 2437 quibus
891 2367 1063 2432 effentiremi

198 2433 223 2481 le
239 2443 331 2487 eretur,
347 2434 428 2481 Vemr.
445 2430 571 2496 quomodo
586 2443 666 2479 eutem
681 2447 743 2480 nunc
757 2432 809 2491 eil,
825 2434 916 2485 elicitur
930 2435 979 2485 hoc
996 2453 1003 2485 ι
1018 2436 1064 2487 for·

199 2448 256 2544 taire
267 2496 333 2543 nefirs
344 2494 376 2544 est
386 2510 441 2543 eum
451 2494 568 2560 appellare
578 2489 700 2551 miserum,
711 2497 752 2560 qui
764 2493 787 2546 se
796 2498 945 2562 oprimonrm
956 2496 1063 2549 cortilio·

199 2574 253 2612 rum
264 2554 538 2608 conicientiafiriientarc
546 2554 624 2622 polilt.
642 2572 749 2615 namur,
765 2567 943 2619 Nonvereorne,
959 2562 1065 2628 negatio·

200 2636 257 2671 nem
272 2620 405 2687 fignificat:
422 2634 447 2670 ut
459 2620 518 2669 illud
527 2636 593 2685 epa.
610 2618 690 2671 libat.
707 2628 755 2669 Non
765 2641 851 2681 uereor,
866 2626 962 2687 nequid
978 2626 1064 2681 timida,

199 2702 226 2731 m
249 2688 288 2732 uid
300 2684 365 2743 stulte
375 2685 466 2744 facins:
482 2684 546 2733 idem
557 2682 602 2739 est,
616 2680 674 2731 acfi
691 2682 769 2744 dicas,
785 2686 845 2735 nihil
854 2700 879 2735 te
893 2685 994 2747 timide,
1008 2686 1065 2737 nihil

202 2702 271 2795 (luite
280 2746 397 2796 fastumm
406 2746 503 2797 confido
515 2763 522 2794 ι
539 2749 565 2796 &
577 2761 614 2811 ep.
623 2762 659 2796 12.
676 2743 717 2797 lib.
729 2764 751 2799 v.
768 2757 815 2797 Nun
829 2767 920 2808 vereor,
936 2768 962 2797 ne
979 2750 1065 2813 affim-

200 2812 298 2856 riunculn
307 2813 400 2872 quadum
416 2825 476 2858 tuam
488 2814 584 2873 gratiam
597 2812 676 2857 videar
690 2815 800 2875 aucupari.
822 2824 847 2860 ut
863 2812 934 2877 igitur
944 2814 988 2879 qui
1004 2813 1066 2869 dicit,

201 2890 369 2926 norvenorum,
386 2887 469 2937 negat,
485 2888 536 2921 non
549 2871 668 2921 affirmat:
685 2870 717 2922 stc
732 2876 772 2939 qui
788 2875 838 2931 ait,
857 2893 932 2926 vereor
946 2895 991 2934 ne,
1007 2874 1066 2925 affit-

202 2948 252 2985 mat
263 2938 353 2999 potius,
369 2949 441 2999 quam
452 2948 530 3000 negat.
547 2938 616 2983 timet
625 2937 691 2983 enim
701 2935 792 3002 aliquid
801 2937 920 2996 futurum,
954 2938 1006 2989 uod
1014 2938 1067 2988 uol-

201 2998 242 3047 ler.
260 3000 381 3061 quocirca,
401 3004 505 3044 1'crcornc
515 2998 575 3057 nefas
585 3000 615 3057 fir
629 3001 711 3045 dit-tre:
727 3000 805 3057 valet,
821 3002 933 3065 opinore
952 3016 967 3050 e
984 3000 1067 3051 nefus:

203 3062 239 3109 vel
255 3057 350 3109 ibrtnile
370 3060 436 3108 nefas
453 3059 485 3109 est
500 3059 584 3110 dicere.
618 3062 722 3110 Minime
736 3064 807 3129 igitur
822 3060 948 3114 uccellana
962 3062 997 3113 est
1012 3077 1068 3114 nota

199 3124 242 3171 illo
253 3121 448 3187 interrogantibus
457 3122 548 3173 utitata.
581 3128 620 3173 Ne
638 3139 667 3171 ue
678 3139 753 3183 vero,
770 3133 815 3172 Nm
831 3144 924 3184 vereor,
940 3127 1069 3193 legendum

201 3184 235 3233 est
248 3202 254 3230 :
272 3202 301 3233 ne
311 3184 361 3234 line
370 3183 446 3235 curtilii
461 3184 604 3235 discedamus
615 3140 644 3236 iit
656 3188 759 3251 autiquis
769 3185 842 3240 libris.
859 3192 983 3241 mrim.
1015 3196 1068 3240 Ber·

201 3247 311 3295 rmrdinus
321 3250 422 3297 Rutilius
432 3250 554 3299 contendit
566 3248 694 3315 legendum
703 3246 750 3299 effe
760 3248 809 3299 fine
820 3267 851 3300 ne
892 3252 950 3303 ione
960 3287 969 3310 ,
984 3271 1071 3311 vereor,

200 3328 225 3355 ut
239 3327 304 3365 turn,
321 3325 359 3360 :lut
376 3332 414 3358 narr
429 3332 503 3361 vereor
517 3332 541 3360 ne
556 3331 596 3360 non
611 3331 659 3361 eum
673 3314 718 3367 &Ca
755 3313 821 3379 quod
868 3316 928 3380 oqui
941 3317 1022 3366 ontio
1035 3329 1072 3367 10·

202 3384 289 3437 pcrgnct
301 3375 422 3423 Ciceronis
433 3374 557 3427 sententio.

237 3446 258 3483 c.
276 3435 342 3486 nerlu
357 3438 380 3486 ln
396 3440 482 3501 licere]
498 3438 595 3491 l'idctur
608 3433 685 3493 dccss'e
694 3454 753 3500 nm,
773 3448 799 3494 ιιι
808 3437 902 3512 legatur
915 3440 979 3505 nesus
994 3438 1072 3503 msc

205 3502 281 3549 ditare.
314 3498 415 3551 l'rtinus.

990 3579 1013 3627 7.
1028 3570 1076 3618 De·
