2272 4020
90 166 92 179 Ι
189 197 231 281 84
297 189 410 256 Ense.
432 204 480 252 nn
504 186 545 256 C.
566 184 775 265 Curionum,
798 201 841 248 nr
864 189 969 251 uiros

189 312 300 381 penem:
320 307 358 363 ita
372 320 418 361 me
432 301 630 361 defendebam:
651 297 679 355 48
688 307 738 375 Ego
749 299 813 357 volu
829 297 1007 356 tatemam'mi
1020 297 1058 357 ni

189 381 281 439 miam.
301 391 330 437 49
338 379 416 455 Quid
429 380 526 456 quaeris
542 377 553 435 ἓ
576 377 678 435 50dum
692 377 769 434 illuni
784 313 861 434 dieo
877 420 885 444 ‚
906 373 988 450 paend
1002 374 1058 434 sum

151 484 156 491 ·
189 457 277 523 fastus
289 458 341 516 iile.
381 455 435 512 Sed
448 456 509 513 haec
522 454 661 529 pluribus:
683 453 823 528 multaque
844 452 894 509 alia
915 453 945 508 &
967 451 1003 509 de
1016 463 1058 529 te·¹

190 533 221 589 &
234 532 270 591 ad
282 546 328 602 te,
350 531 414 591 cum
427 529 548 605 primum
562 548 610 588 ero
623 529 726 662 anim
740 530 790 587 otii
802 528 904 587 nribus.
926 525 1058 598 Teucro,

56 613 171 663 luxui
192 609 232 666 mi
247 611 338 678 Rufe,
357 608 458 683 diligo,
477 610 563 683 quem
578 607 646 663 mihi
671 617 768 664 ortum
788 604 863 662 dedit
882 602 1058 678 amplificato·

192 701 252 743 rem
268 678 402 761 dignitatis
417 700 512 751 meae,
531 683 650 741 ultorem
671 678 730 739 non
750 680 838 739 modo
859 680 1058 750 inimicorum,

193 760 338 820 sedetiam
354 759 546 817 5¹invidorum
570 775 721 815 meorum:
741 769 771 814 ut
792 775 840 815 eos
862 757 960 830 partim
980 755 1058 813 scele-

116 835 119 840 ’
195 855 258 896 rum
271 837 399 904 suorum,
418 836 516 910 partim
531 835 613 892 etiam
627 834 790 909 ineptiarum
811 833 964 909 poeniteret.
976 832 1058 966 {gif

197 988 301 1045 ducunt,
322 987 363 1037 ulii
394 1002 421 1037 to
442 988 498 1051 quod
514 984 662 1051 reposuerunt
692 988 724 1035 ed.
757 993 865 1050 Quorum
884 997 994 1033 neumam
1012 981 1058 1032 fieri

196 1047 323 1116 oportuisse
337 1051 374 1098 exi
396 1052 401 1061 '
430 1065 452 1099 o.
485 1054 552 1098 Nam
567 1049 597 1097 ad
614 1049 673 1097 Caec'
686 1051 792 1099 'anatum
806 1051 926 1098 literarum
939 1047 1058 1118 particular

197 1114 233 1162 bae
250 1115 409 1173 Ciceronianae
419 1110 602 1174 ¹rescribuntur,
623 1124 647 1160 ut
668 1113 801 1175 orationem
816 1110 891 1160 verbis
905 1109 1020 1165 deiicere,
1036 1110 1058 1158 δι

195 1175 317 1225 intellectu
326 1174 492 1240 perficiendum
501 1172 547 1223 effe
558 1189 667 1239 appatere
681 1173 758 1238 poffir.
792 1174 836 1223 Sed
845 1189 902 1222 mox
913 1188 956 1237 pro
972 1174 1058 1219 incredi-

194 1241 236 1286 bile
245 1241 281 1284 hoc
291 1239 377 1297 fillum
388 1252 443 1287 cum
452 1237 533 1287 multis
543 1238 657 1303 exemplis
669 1235 865 1288 consentientibus
876 1237 982 1300 legemus
988 1234 1058 1294 ων.

111 1314 117 1337 s
198 1305 319 1351 Camerar.

228 1373 266 1424 48.
283 1370 326 1426 Ego
336 1367 466 1428 voluptatem
481 1367 564 1412 bomini
571 1367 681 1422 nimiam]
702 1365 748 1413 Hic
759 1366 824 1414 locus
835 1364 897 1412 varie
906 1361 1006 1425 legitur:
1021 1360 1058 1409 alii

196 1428 264 1475 enim
288 1442 315 1476 ro
325 1431 425 1484 hominm
434 1428 603 1492 habailegunt:
620 1427 661 1475 alii
675 1430 747 1476 etiam
762 1430 813 1477 aliis
828 1425 925 1480 modis,
940 1438 1001 1488 quos
1012 1438 1058 1471 non

197 1504 255 1538 nece
274 1489 334 1539 eest
344 1505 427 1539 omnes
437 1505 578 1539 enumerare.
612 1495 640 1538 In
656 1493 757 1555 antiquis
772 1486 941 1552 exemplaribus
957 1483 1013 1534 sane
1026 1490 1058 1533 ho·

112 1550 115 1557 “
196 1555 255 1600 mini
262 1549 313 1599 est:
330 1557 400 1600 am'mi
409 1566 490 1602 tamen
499 1553 627 1628 legendum
641 1565 706 1616 puto.
739 1553 778 1602 Est
790 1548 1001 1601 autemvetsrculus
1011 1562 1058 1599 nou

197 1625 263 1662 totus
274 1612 368 1663 Ttabeae
378 1617 455 1664 Podtn
466 1617 575 1673 Comici5
590 1618 615 1664 in
624 1613 716 1675 Trusctd.
733 1630 789 1665 vero
798 1618 889 1680 integer
904 1611 955 1669 est3
970 1609 1058 1661 senten·

197 1677 233 1725 tia
239 1689 304 1729 sexte
312 1678 361 1738 ejus
370 1694 422 1726 non
436 1676 593 1727 desideratur:
613 1685 647 1724 vt
661 1681 718 1735 ille,
738 1682 778 1742 qm·
790 1681 920 1740 voluptatem
942 1676 1058 1723 mimini-

197 1743 267 1787 mium
280 1742 390 1799 summum
408 1751 499 1789 errorem
518 1741 554 1801 effe
568 1741 693 1790 arbitratur.
718 1745 781 1789 Item
795 1739 846 1799 Lib.
859 1755 890 1789 11.
907 1734 1058 1786 deFinibuot

198 1808 257 1850 Nam
268 1806 294 1853 (ἵ
309 1805 347 1849 ille
360 1806 417 1865 apud
432 1806 533 1852 Trabeam
541 1804 671 1866 voluptatem
685 1807 755 1850 animi
769 1807 862 1850 nimiam
875 1804 977 1851 latinam
992 1801 1058 1856 dicis,

199 1867 285 1911 candem
295 1881 361 1928 quam
371 1867 408 1913 ille
419 1869 540 1915 Caecilianus
548 1869 588 1930 qai
601 1867 695 1914 omnibns
710 1867 793 1913 [mitiis
808 1868 879 1913 latiam
892 1862 965 1930 mffese
980 1874 1058 1912 unat·

197 1925 316 1975 Existimo
326 1940 404 1976 autem
412 1927 459 1979 hoc
469 1929 525 1979 loco
534 1927 671 1977 versiculum
681 1928 769 1977 Caeeilii
778 1927 923 2001 inteliigete,
938 1939 1013 1990 qoem
1022 1923 1058 1973 Ci-

336 2059 426 2122 Μυκη
440 2073 489 2102 vera
506 2059 550 2112 inca
564 2072 572 2100 r
588 2057 682 2102 omnibus
697 2056 785 2102 lanitiis.

199 2003 255 2038 cero
267 1992 293 2038 in
303 1989 347 2039 bac
356 1989 404 2055 ipsa
413 1991 511 2056 epistola
519 1994 569 2040 inte
587 2007 638 2040 rum
648 1994 729 2057 ponit,
745 1991 806 2039 hunc
817 1989 916 2040 scilicet:

199 2117 256 2166 Haec
270 2127 350 2164 autem
363 2128 416 2163 tota
430 2131 490 2179 pene
505 2007 605 2165 verffbgus
619 2116 716 2181 epistola
732 2128 845 2165 contenta
860 2114 917 2164 est:
944 2128 1002 2164 nam
1021 2112 1058 2163 uu

198 2179 273 2225 etiam
283 2177 367 2232 verba,
381 2184 429 2224 Nou
438 2181 512 2241 adepol
521 2193 623 2241 quamam
636 2183 701 2241 ageris
715 2197 772 2235 rem,
787 2196 851 2242 neque
861 2192 965 2242 quantum
976 2178 1058 2237 facium

194 2239 281 2298 semin
299 2237 396 2288 arbitror
406 2236 451 2288 esse
468 2255 497 2288 ex
512 2242 593 2307 aliquo
603 2243 695 2290 Po'e'tat
715 2239 755 2290 sed
769 2243 824 2306 quia
840 2239 936 2289 confusa
950 2241 1058 2297 citantur¹

199 2316 252 2349 non
262 2300 331 2349 facile
340 2315 451 2351 numeros
461 2304 487 2351 in
497 2303 544 2352 illis
557 2305 662 2353 invenias
674 2321 680 2352 :
697 2303 766 2352 verba
785 2318 866 2352 tamen
880 2302 929 2368 ipsa
943 2301 1034 2351 diversa
1047 2316 1058 2350 a

199 2362 298 2428 pedestri
307 2361 414 2414 sermone
424 2364 538 2416 videntur.
556 2370 667 2416 Vi'etorius.
699 2368 801 2415 Rutilius
816 2369 880 2414 braii
895 2367 1007 2422 mavult,
1022 2365 1058 2414 alii

198 2431 282 2475 bomini
289 2425 407 2478 exhibent.
440 2428 484 2477 Sed
494 2430 609 2478 victorius
618 2433 687 2478 animi
700 2429 862 2495 reponendum
871 2425 917 2479 effe
931 2428 992 2477 mibi
1008 2440 1058 2492 pro·

198 2487 247 2540 bat.
266 2497 369 2540 camerni.
402 2489 483 2542 Versus
493 2489 604 2541 Trabeae:
1013 2516 1019 2527 ·

232 2559 274 2616 Ego
284 2555 414 2616 voluptatem
425 2558 495 2602 animi
506 2557 614 2610 nimiam,
626 2556 735 2614 summum
746 2572 836 2604 errorem
846 2556 881 2615 effi
889 2568 948 2617 puto.
1003 2567 1006 2570 '

199 2619 267 2665 Errat
278 2628 356 2666 autem
366 2617 462 2673 Rivius,
479 2619 520 2681 qui
530 2632 559 2664 ex
569 2614 646 2666 nescio
655 2634 704 2682 quo
713 2633 790 2668 vetere
800 2617 880 2666 codice
890 2616 921 2666 fic
935 2615 1058 2682 legendum

198 2677 290 2734 censet,
306 2685 349 2740 Ego
358 2682 489 2742 voluptatem
498 2683 606 2728 hominum
617 2685 729 2728 nimiam:
752 2682 859 2744 quamvis
874 2695 913 2728 me
928 2681 1058 2747 quoqueiu

199 2755 249 2788 uno
260 2740 340 2789 codice
351 2744 503 2791 Memmiano
517 2744 551 2791 ita
565 2741 675 2807 scripturn
688 2744 794 2808 reperifle
808 2757 858 2791 non
868 2758 971 2807 negem:
993 2746 1058 2790 homi·

198 2819 268 2914 irum,
284 2807 400 2912 inquam,
416 2820 460 2869 pro
473 2808 550 2856 animi.
567 2812 652 2856 Errant
667 2821 732 2872 aeque
746 2808 788 2871 qui
803 2805 841 2855 vel
856 2809 938 2853 homini
953 2807 991 2855 vel
1000 2806 1058 2853 hebui

210 2880 223 2914 e
256 2879 289 2915 nt.
307 2872 362 2913 Lam
376 2871 405 2917 in.

223 2880 270 2989 g4119.
286 2930 351 2993 Qid
361 2934 466 2992 quarm]
481 2930 527 2980 Ubi
539 2928 592 2980 satis
603 2931 726 2982 verborum
736 2931 839 2988 effluxit,
856 2946 898 2979 nec
913 2944 995 2980 tamen
1011 2946 1059 2980 ont·

199 2993 260 3040 nino
270 2991 392 3048 videmur,
409 2993 473 3057 quod
490 2995 598 3044 volumus
614 2991 755 3060 explicaffe,
772 2993 801 3042 ad
818 2993 879 3043 hanc
898 2995 1058 3059 interrogatio

199 3069 257 3103 nem
277 3055 444 3120 confugimus,
465 3060 530 3121 Qid
544 3062 641 3124 quris?
658 3061 683 3107 δι
703 3057 732 3107 ad
747 3060 837 3107 exitum
856 3056 935 3107 statim
950 3055 1058 3108 sententia

198 3116 337 3181 perducitur.
355 3125 381 3167 P.
393 3123 479 3170 Manat.
987 3139 989 3143 ⁴

233 3197 269 3236 50.
286 3188 350 3229 Dum
363 3184 429 3229 illum
442 3185 519 3242 riden]
549 3186 661 3241 Hirrum,
677 3197 749 3248 quem
765 3185 849 3232 Cicero
865 3186 890 3232 br
902 3183 996 3231 Coelius
1005 3195 1058 3233 nott

198 3243 304 3306 quadam
314 3242 376 3293 soliti
386 3258 452 3294 erant
461 3249 526 3293 illam
540 3248 669 3311 appellare:
684 3260 710 3294 ut
719 3263 770 3295 non
780 3245 838 3295 defit
850 3248 915 3308 jocus
925 3248 950 3294 in
960 3248 1000 3292 illo
1007 3261 1058 3312 ‚pro

199 3310 287 3353 Hirro:
304 3309 329 3356 &
340 3308 365 3354 in
376 3310 428 3363 illo,
444 3321 488 3372 pto
503 3309 547 3357 illo
559 3311 693 3359 Caeciliano
712 3313 795 3359 corrad.

190 3412 194 3416 .
233 3383 266 3423 51.
282 3372 435 3430 lividorum]
466 3374 545 3422 Hirtus
561 3375 628 3436 preci
659 3387 673 3421 e
692 3371 840 3428 discribittu,
860 3373 901 3435 qui
921 3386 976 3420 com
1018 3373 1058 3422 iter

199 3432 321 3479 ciceronis
332 3431 406 3481 fuerat
414 3435 440 3482 in
451 3449 479 3490 au
497 3448 569 3485 uratu
586 3437 622 3501 ep'
644 3452 680 3499 ,3,
697 3438 723 3488 &
735 3444 757 3488 6,
774 3435 894 3489 Libum
912 3440 968 3486 Eta
991 3438 1058 3485 Attio

198 3492 264 3559 epist.
272 3508 306 3553 19.
323 3493 374 3546 Lib.
381 3510 403 3548 v.
420 3451 540 3548 Μένων.
609 3520 612 3525 ·
1035 3566 1056 3611 T

241 3592 243 3596 ι
981 3580 1018 3620 52·
1053 3580 1058 3612 i
