2272 4020
202 124 764 201 LrnnnSneunnos.
876 136 918 220 '69

42 251 140 311 serrare
161 249 346 327 obtestarique
366 269 425 310 non
440 250 563 311 dubitem
584 295 592 320 ,
613 251 649 310 fic
662 253 697 312 ad
710 272 761 313 nos
775 257 913 315 nconsor·
922 272 939 303 ¹¹
954 257 997 304 arr
1005 271 1063 311 con-

47 339 304 396 maturrimam,
324 339 378 396 ut,
398 346 481 404 quam
506 327 736 403 exspectationem
757 331 797 388 tui
817 318 1033 392 conci-flmm-

49 402 99 462 uti
119 447 128 473 ‚
152 404 228 461 hanc
255 402 380 462 sustinere
407 422 438 461 ac
458 406 527 462 tueri
548 404 635 478 poffis.
675 406 733 473 Et,
778 410 911 482 quoniam

48 495 134 538 ineam
162 491 278 536 morum
300 496 362 555 erga
382 498 429 538 me
456 481 619 538 meritorum
648 483 812 540 memoriam
837 487 938 544 0ulla⁰
953 478 996 521 ’Μ
1009 478 1063 528 nul-

48 572 197 631 numquam
225 554 326 613 delebit
351 556 479 624 obiivio,
505 567 533 613 te
555 574 648 631 rogo,
674 569 706 614 ut
733 561 889 618 memineris
904 537 945 631 ,¹³
955 552 1011 601 unq.

49 643 276 707 quantaecumque
289 630 338 688 tibi
352 632 516 690 accessiones
535 630 603 690 ficut
623 633 653 690 &
680 633 800 690 fomtnae
820 637 849 692 8<
870 637 910 695 di-

50 706 148 781 gnitatis
163 749 171 776 ,
192 719 278 765 caste
292 725 350 764 non
365 705 481 782 potuisse
496 707 642 783 consequi,
660 707 709 765 nifi
726 710 793 766 meis
811 722 911 785 ¹3puer

51 783 111 841 olim
136 782 293 841 fidelissimis
319 794 401 858 atque
422 784 606 842 amantissimis
633 783 748 842 consiliis
777 785 909 859 paruisses.

53 861 139 932 Quare
152 860 209 917 hoc
228 860 324 917 animo
340 860 369 917 in
390 877 440 917 nos
461 857 512 916 esse
533 859 664 928 debebis,
684 873 715 917 ut
735 872 799 918 aetas
820 864 909 922 nostra

50 933 100 1008 jam
118 934 302 1010 ingravescens
322 936 351 993 in
370 953 466 994 amore
481 950 563 1012 atque
582 937 611 995 in
625 935 805 997 adolescentia
818 942 933 1000 econ-P
948 945 1025 1010 fona.¹

54 1009 166 1086 quiescat.
185 1010 265 1069 Vale.
920 1006 966 1043 tun.
983 1000 1033 1050 atis.

315 1203 574 1251 EPISTOLA
604 1206 639 1252 11.

85 1325 166 1374 ARG.
197 1333 233 1374 De
249 1329 345 1375 Curionis
361 1331 430 1390 patris
447 1330 535 1374 interitu
548 1324 653 1387 fignificat
667 1360 674 1383 ,
690 1343 714 1374 ne
730 1328 804 1388 scissi
818 1334 911 1394 parentis

63 1386 94 1432 ltro
103 1387 200 1446 futuram
211 1392 327 1452 pollicetur.
363 1397 438 1438 Verum
454 1398 486 1437 cni
502 1389 600 1435 credibile
614 1391 732 1445 videatur,
755 1394 784 1437 ad
801 1397 909 1441 Curionem

63 1451 81 1493 in
93 1449 168 1507 Afiam
183 1455 208 1498 de
222 1456 293 1513 patris
311 1457 356 1514 ejus
376 1455 433 1500 alirn
452 1454 557 1499 tantulam
576 1450 681 1513 epistolam
696 1454 734 1513 effe
755 1457 910 1519 confiriptnmr

64 1514 108 1558 nihi
119 1514 253 1575 quidemnon
264 1515 295 1575 fir
312 1516 434 1573 verrfimile.
462 1518 532 1578 iraque
546 1515 631 1560 libenter
653 1517 678 1568 dr
695 1520 746 1562 banc
763 1520 787 1568 dr
803 1534 850 1565 eam
865 1536 912 1583 qua

62 1573 139 1637 liquitur
152 1577 258 1639 epistolam
273 1581 434 1642 coniunxerim,
454 1589 572 1641 argumento
588 1580 652 1625 eriam
670 1578 803 1641 postulante:
820 1598 869 1628 nam
885 1598 912 1631 ea

263 1670 268 1681 ι
821 1661 908 1695 munera

88 1823 117 1861 12.
133 1813 240 1875 obsecrare
261 1812 423 1880 obtestarique]
455 1815 580 1875 obsecrare,
605 1815 721 1874 maiorem
746 1814 816 1866 habet
844 1815 908 1875 vim,

65 1884 137 1945 qaam,
151 1892 237 1939 rogare,
253 1890 292 1925 aut
302 1895 366 1928 orare.
383 1879 463 1943 itaque
473 1876 572 1927 secundo
584 1878 638 1925 loco
656 1881 749 1941 ponitur
760 1897 768 1935 3
784 1891 809 1925 nt
820 1879 844 1926 in
857 1894 911 1928 ora-

64 1946 115 1985 tione
123 1936 175 2001 post
184 1939 234 1989 red.
247 1940 278 1988 ad
287 1941 350 2000 Quir.
375 1947 417 1987 Pro
429 1959 474 1986 mea
482 1957 520 1985 vos
533 1941 601 1999 firlnte
618 1957 657 1985 non
674 1944 757 2001 rogavit
766 1941 836 1999 solnm
849 1975 856 1996 ‚
872 1961 911 1989 ve-

63 2004 168 2047 rmeriam
178 2002 299 2063 obsecravit.
332 2009 361 2050 Et
378 2005 402 2050 in
420 2009 532 2051 Verrem:
556 2009 606 2047 crim
621 2003 695 2047 multis
710 2002 810 2048 lacrumis
826 2020 910 2062 orare,

63 2062 225 2182 Teifinaee.
251 2064 290 2112 Est
301 2079 392 2122 autem,
409 2068 507 2127 obsecrare
520 2098 528 2120 ,
544 2061 626 2126 quafi,
643 2061 674 2111 ob
687 2061 749 2111 sacra
759 2076 858 2127 rogate:
876 2068 910 2112 ol-

65 2134 81 2169 n
92 2140 133 2180 m,
147 2138 171 2172 nt
183 2140 216 2175 art
227 2132 348 2184 Donatus,
364 2130 465 2192 precari,
481 2143 535 2175 cum
546 2127 668 2173 mentione
679 2140 857 2183 caramerum,
870 2142 912 2191 per

64 2197 109 2248 quas
116 2190 223 2249 petimus.
240 2203 266 2239 ut
277 2192 302 2239 in
312 2197 409 2239 Verrem
422 2207 429 2237 ι
445 2197 520 2246 Dens,
535 2191 623 2252 deasque
639 2205 706 2234 omnes
726 2190 831 2250 imploro,
847 2202 912 2253 atque

61 2249 135 2309 tltnser.
168 2257 199 2299 Et
214 2251 272 2310 hic,
294 2258 323 2300 Te
339 2254 433 2312 nlrellnri
445 2287 452 2310 ,
470 2252 502 2300 cst
515 2286 522 2307 ,
535 2264 572 2312 per
586 2265 606 2297 re
623 2253 690 2312 ipsum
709 2255 797 2312 precari.
831 2254 910 2307 Cum,

62 2310 140 2371 elien,
155 2315 276 2375 junbinm,
292 2316 367 2364 modo
379 2315 496 2379 sequitur,
511 2328 535 2362 ut
546 2313 597 2369 hic;
613 2313 688 2360 modo
699 2313 830 2368 antecedit,
845 2327 870 2362 ut
879 2317 910 2365 ad

63 2376 166 2427 ltdnnn:
182 2380 250 2441 quue
261 2392 285 2424 nr
292 2379 363 2438 facins
375 2413 382 2435 ‚
398 2394 417 2424 te
428 2376 525 2436 attestor,
542 2390 604 2438 atque
616 2377 698 2436 obsecro.
716 2380 739 2424 Ρ,
747 2380 839 2423 Manur.

86 2454 115 2494 ις.
131 2445 188 2487 Puer
199 2444 270 2498 olim]
300 2440 457 2502 Quiscredat‚
473 2453 521 2501 qua
530 2452 573 2485 nos
590 2450 657 2486 atate
669 2451 742 2500 pueros
751 2438 910 2502 appellamus,

61 2502 187 2553 “innare
199 2504 298 2552 cnutoni
310 2519 380 2567 praec
397 2518 421 2550 ta
431 2504 567 2551 Cicerorem
580 2497 666 2549 dedisse
679 2504 687 2548 i
709 2516 755 2564 ego
766 2513 854 2561 pueram
872 2503 911 2550 hic

61 2566 125 2614 rotari
140 2564 264 2621 arbitror,
294 2565 346 2628 post
380 2579 488 2629 umptam
512 2565 604 2612 virilem
623 2577 730 2627 rogam,
756 2577 825 2624 qus,
852 2578 910 2626 prn-

60 2634 110 2677 trtta
118 2626 239 2691 deposita,
256 2627 386 2677 sumebatur
395 2627 499 2676 absoluto
510 2627 581 2674 aetatis
593 2638 657 2672 anno
667 2639 717 2674 xvt.
735 2639 784 2688 quo
797 2638 877 2682 anno,
895 2642 911 2675 a

60 2689 162 2755 naidas
175 2687 320 2739 discedentes
337 2725 344 2747 ,
366 2693 390 2738 in
407 2691 486 2747 forum
500 2703 546 2736 una
561 2702 615 2736 cum
628 2687 760 2751 parentibus
776 2687 908 2750 prodibant.

60 2756 100 2812 Ac,
115 2768 262 2809 uenenum,
280 2756 305 2802 δι
315 2752 448 2802 inusitatum
457 2750 578 2807 videatur,
593 2763 618 2796 ut
634 2765 723 2797 armum
738 2749 831 2813 ingreffi
842 2767 908 2801 xvii.

57 2821 104 2875 nei·
112 2818 283 2871 nominentur,
300 2815 401 2865 recitabo
411 2816 491 2864 locum
502 2830 531 2862 cx
540 2812 638 2877 epistola
648 2811 782 2868 Cornificii,
799 2812 849 2861 Lib.
857 2829 906 2864 xm.

61 2881 103 2927 Puer
113 2883 206 2942 egregins
213 2881 332 2941 praesidinm
341 2881 383 2937 fibi
394 2882 507 2939 primum,
529 2879 554 2928 dr
571 2876 647 2931 nelis,
668 2877 742 2922 deinde
753 2876 839 2936 summe
857 2879 910 2937 reip.

61 2945 184 3005 metavit.
219 2947 258 2989 De
270 2942 402 2990 odariano
413 2942 527 3003 loquitur:
544 2940 597 3003 qui,
612 2953 665 2985 cum
676 2937 802 2985 exercitum
812 2953 855 3000 pro
860 2952 909 3000 rep.

62 3006 134 3073 pn'trro
147 3003 250 3053 consilio
261 3005 423 3067 comparavit,
439 3017 528 3049 annum
546 2998 742 3050 undevicesimum
756 2999 856 3109 afebat:
883 3013 910 3048 ut

61 3069 156 3117 uraciti
166 3066 264 3117 historia
274 3065 324 3115 Lib.
332 3082 392 3115 xm.
409 3066 550 3113 notavimus.
583 3067 642 3111 Non
652 3062 754 3111 distinxit
773 3063 848 3110 cilicet
865 3077 910 3110 no-

59 3140 105 3177 men
116 3135 197 3192 pueri,
214 3133 240 3178 ὃ(
250 3130 388 3189 adolescentis.
409 3142 466 3175 nam
481 3128 505 3174 in
520 3127 568 3174 alia
583 3127 613 3174 ad
627 3126 728 3174 eundem
746 3122 842 3186 epistola
859 3128 911 3171 ndo-

58 3194 149 3252 lesrentem
161 3207 248 3241 vocar:
265 3193 408 3251 Perfiriberem
420 3191 502 3249 Gestaris
514 3190 630 3235 Oclnvinni
638 3202 748 3243 conarnm3
764 3187 789 3232 de
800 3202 839 3248 qun
851 3191 909 3234 mul-

58 3257 136 3303 titudini
145 3256 226 3315 fillum
236 3257 261 3300 ab
275 3259 373 3300 «intonso
384 3257 462 3301 crimen
478 3253 583 3306 viderur,
599 3265 623 3296 nr
632 3254 654 3297 in
670 3252 779 3311 pecuniam
793 3250 909 3309 adnlefien·

58 3319 102 3361 rir'
132 3334 189 3364 erum
200 3319 288 3377 fircerrt.
321 3322 351 3366 Et
364 3316 449 3375 Phil.4.
472 3315 564 3368 Laudo,
585 3315 713 3368 laudunus,
734 3312 845 3374 Qirites,
861 3330 908 3359 cnm

53 3330 165 3441 gralilffilmis
179 3383 262 3425 animis
274 3382 425 3444 prosequimini
436 3395 509 3426 nomen
520 3374 628 3439 clnrrffimi
638 3375 783 3438 adolescentis,
798 3376 834 3421 vel
846 3379 911 3438 pareri

50 3445 265 3503 tnrnt.1’.Manut.

482 3507 502 3552 E
519 3519 529 3560 3
799 3515 834 3560 ¹4
852 3501 910 3546 Grn-
