2206 3914
186 158 246 210 rao
282 142 424 210 Ernst.
445 158 503 209 an
525 139 697 219 Antron
716 140 967 210 Portunuu

188 254 279 330 itaque
293 254 417 314 fecimus.
451 255 553 325 Nunc,
572 252 650 329 quod
662 251 678 309 ‘a
692 266 720 311 te
733 254 800 327 petii
812 255 908 314 litteris
920 256 969 324 iis,
989 270 1059 331 quas

189 330 292 388 Romae
312 331 452 389 tabellariis
471 331 524 388 tuis
544 329 631 397 dedi,
657 330 742 387 velim
761 330 810 387 tibi
831 348 905 387 curae
926 330 983 400 stt,
1008 344 1060 402 ut,

70 412 253 537 amantis-puae
268 403 409 466 successori
421 405 644 482 coniuniiiffimo
665 407 694 463 δι
713 405 897 464 ranuciffimo
926 425 1061 466 commo·

40 434 163 532 daronis.
208 499 253 538 are
267 482 355 555 potest
368 484 406 552 is,
426 484 474 558 qui
494 482 666 557 provinciam
687 482 791 550 tradit,
811 500 843 539 ea
864 481 949 558 ¹⁶pro
968 483 1061 543 nostra

41 542 432 657 {iffiffl'fconsociatiffima
450 558 610 627 voluntate,
630 574 693 617 cura
702 575 750 627 ,ac
765 558 902 634 diligentia
915 571 963 617 tua
977 578 1061 618 eom-

43 670 118 718 [μή.
1000 636 1061 712 Ple·

44 734 131 784 marr.

225 821 261 864 16.
279 818 321 862 Pro
332 808 568 873 nasiraconsiantiffima
578 811 690 857 voluntate
700 824 749 871 ergo
763 817 803 870 tu]
832 806 955 866 Diversum
970 808 1000 857 ab
1015 806 1062 859 hac

193 875 321 925 leitionern
331 875 418 925 habent
429 873 511 922 vetusti
522 872 627 921 codices:
644 887 692 935 qua
707 870 793 921 scilicet
808 875 833 921 in
843 870 927 921 nostris
941 869 1009 922 libris
1025 874 1063 921 vi·

192 937 234 986 des
245 941 412 1006 elegantiorem
427 936 535 1002 profesto
552 938 577 983 ὃ(
588 937 710 983 veriorem.
745 935 831 983 Nescio
848 936 912 983 enirn
932 933 1060 997 quomodo

192 1000 403 1051 constantissimam
413 1000 561 1048 voluntatem
571 1013 626 1062 erga
638 997 741 1060 Appium
751 994 827 1046 dicere
837 994 907 1063 potiit
918 1030 926 1052 ,
942 1012 993 1061 qua:
1008 1012 1060 1045 ma·

193 1065 246 1129 gnis
262 1062 416 1113 simultatibus
430 1065 557 1126 interropta
571 1057 607 1109 stt.
640 1064 705 1107 Nam
720 1061 845 1119 consociatas
859 1074 942 1107 eorum
960 1058 1060 1113 interse

193 1129 317 1173 voluntates
328 1124 379 1189 posi
389 1126 565 1174 reconciliatam
577 1124 676 1188 gratiam
686 1120 748 1169 reite
758 1122 833 1186 potest
844 1122 969 1232 appellare.
996 1124 1060 1185 ,Qi-

194 1186 253 1236 dam
262 1201 341 1238 totum
352 1187 413 1235 hunc
423 1188 504 1235 locum
514 1189 713 1240 immutaverunt,
729 1186 773 1232 rati
788 1183 851 1233 forta
870 1200 883 1233 e
897 1199 980 1250 parum
994 1186 1060 1234 Lati-

195 1264 254 1299 nam
262 1265 347 1300 vocem
359 1247 405 1299 effe
415 1252 551 1312 conficiatur,
585 1250 608 1295 ui
619 1260 734 1312 qaantiun
749 1246 838 1312 decepti
854 1246 918 1303 sint,
934 1246 993 1297 nihil
1002 1249 1058 1297 atti-

194 1325 236 1362 net
247 1311 330 1364 dicere.
348 1316 460 1362 Vitiarius.
493 1264 703 1361 uancdemonem
717 1323 800 1358 eontra
819 1313 956 1358 Manutium
970 1308 1001 1359 sic
1015 1309 1058 1359 de·

193 1374 272 1425 rendit
282 1376 313 1426 id.
334 1378 359 1425 in
370 1374 549 1440 posterioribus:
567 1374 651 1422 Multis
667 1370 744 1421 modis
760 1370 851 1435 probari
883 1372 960 1428 otest,
974 1375 1058 1429 ‚verio-

195 1454 261 1496 rem,
276 1439 448 1501 melioremque
462 1434 508 1485 eise
523 1438 646 1500 antiquam
662 1436 790 1483 lesiionem
804 1450 818 1482 a
833 1389 901 1483 nogis
911 1433 1060 1484 restitutam:

196 1517 248 1549 non
258 1504 323 1553 enim
333 1501 438 1564 loquitur
447 1512 541 1551 tantum
554 1501 639 1547 Cicero
649 1497 679 1545 de
689 1498 811 1546 voluntate
822 1494 860 1545 sua
875 1513 900 1547 er
918 1513 931 1545 a
943 1503 964 1547 Α
981 1501 1061 1563 pium,

195 1560 236 1613 sed
246 1563 276 1613 de
286 1564 373 1613 mutuis
383 1563 481 1611 animia:
497 1564 522 1611 &
543 1561 590 1610 hoe
604 1563 721 1623 majorem
731 1560 780 1609 vim
794 1559 864 1611 babet
880 1513 917 1609 ad
924 1514 1064 1625 perduaden·

197 1625 256 1675 dum
267 1629 346 1692 Appio
356 1624 422 1691 quod
432 1626 497 1681 vult,
513 1624 531 1673 st
546 1624 653 1674 ostendat
668 1625 760 1672 animos
775 1622 877 1688 ipsorum
894 1636 955 1671 mter
964 1622 987 1673 se
1003 1640 1063 1672 con-

197 1690 292 1752 junbios
302 1687 347 1739 effe
358 1723 366 1746 ,
382 1704 424 1741 nee
435 1687 457 1736 se
465 1689 517 1737 ullo
527 1688 597 1752 pario
607 1687 711 1737 dubitare
721 1686 751 1735 de
761 1687 884 1735 voluntate
893 1684 963 1753 ipsius
974 1690 1000 1737 δι
1011 1688 1063 1736 ani·

198 1754 234 1801 mi
260 1750 399 1817 ropeniione
411 1766 466 1816 erga
477 1750 515 1800 se:
533 1765 589 1799 nam
600 1749 721 1816 respondet
734 1749 781 1797 bec
791 1764 839 1797 vox
852 1749 961 1813 superiori
976 1753 1064 1810 coniun-

198 1767 293 1882 riilssmo.
327 1820 358 1869 Et
374 1815 425 1865 aliis
441 1816 514 1866 etiam
527 1815 553 1862 in
567 1815 627 1863 locis
643 1813 694 1863 Cic.
711 1811 759 1860 haec
773 1812 843 1864 verba
857 1812 975 1877 copulavit
992 1814 1064 1867 tertio

199 1876 261 1927 libro
278 1878 307 1929 de
322 1877 397 1927 Finib.
420 1880 466 1927 ,Ad
485 1879 572 1924 civilem
595 1880 764 1945 communp'tatem
783 1876 889 1937 conjuniii
907 1877 933 1927 dr
952 1878 1065 1938 consociati

192 1941 278 2002 sumus.
311 1943 332 1990 si
344 1954 409 1989 acute
435 1939 591 2007 erpendantut
601 1938 716 2005 superiora
725 1935 813 1995 verba,
828 1936 978 1986 declarabunt
994 1940 1064 1999 conso-

197 2004 312 2066 ciatt'ffima
324 2005 372 2078 legi
386 1957 487 2053 degere:
503 2017 561 2052 nam
578 2005 604 2052 &
624 2000 785 2063 conjuniiiffimo
802 2004 827 2050 δῖ
838 2000 961 2062 miciffima
972 2015 1061 2049 conve·

198 2068 267 2121 aiunt
282 2068 367 2115 animas
381 2069 486 2122 mutuis,
509 2079 535 2113 ae
555 2063 647 2129 paribus
663 2062 822 2113 voluntatibus
839 2079 846 2110 r
867 2062 933 2127 quod
947 2062 1065 2115 inclusum

198 2144 296 2194 quoque
305 2128 337 2177 est
346 2130 372 2179 in
382 2143 411 2177 ea
420 2144 479 2177 voce
488 2126 668 2188 conficiurffima,
684 2126 783 2174 minime
793 2140 849 2175 vero
858 2128 884 2175 in
893 2125 1063 2187 canstantiffima:

198 2206 257 2241 nam
266 2192 293 2239 iu
303 2190 398 2253 vulgata
408 2189 511 2239 lenione
521 2187 553 2237 est
563 2205 611 2251 erga
620 2202 640 2235 te
651 2222 658 2245 ,
674 2202 699 2236 ut
710 2187 740 2235 de
749 2187 871 2237 voluntate
880 2201 974 2237 tantum
990 2191 1061 2239 Cice·

199 2255 265 2309 tonis
275 2266 332 2321 erga
340 2252 443 2316 Appium
453 2252 556 2315 intelligi
565 2266 581 2298 o
598 2264 691 2308 orteat,
707 2248 798 2299 nonde
811 2251 880 2315 Appii
893 2264 990 2316 qnoque
1005 2266 1062 2317 erga

200 2316 359 2365 cicerooomr
376 2329 433 2362 nam
448 2310 466 2361 sr
481 2312 531 2361 fine
546 2267 620 2362 vedis
640 2314 688 2363 illis
707 2329 755 2376 erga
771 2327 791 2360 re
805 2313 896 2379 legatur
905 2330 915 2370 ,·
934 2311 1020 2361 falsum
1037 2330 1066 2363 o·

200 2377 287 2429 mnino
297 2372 353 2427 esset
365 2393 373 2434 i
406 2377 497 2425 urmvis
506 2377 540 2425 ita
550 2391 646 2440 quoque
657 2392 707 2427 non
717 2374 785 2425 valde
794 2391 876 2425 verton
885 2375 912 2425 fit
923 2378 933 2425 ι’
946 2390 1005 2424 nam
1021 2375 1066 2426 du·

198 2440 268 2491 bitari
279 2452 377 2505 nonpot
416 2440 489 2503 ,quin
518 2454 583 2489 raves
592 2439 717 2488 interillos
726 2440 854 2491 ininaicitiae
863 2437 956 2489 fuerint.
973 2445 1065 2500 Qirm-

198 2505 235 2553 vis
247 2517 327 2553 autem
337 2502 421 2557 Cicero
432 2454 552 2555 ostendere
563 2501 642 2567 postea
656 2514 753 2553 eoneuu
769 2502 919 2553 voluntatem
932 2500 996 2555 suam
1008 2517 1066 2569 erga

197 2566 270 2617 illum
279 2567 430 2616 imminutam
440 2580 490 2615 noa
499 2562 557 2621 esse,
574 2567 662 2630 parcius
672 2578 754 2613 tamen
763 2564 881 2629 loquitur,
896 2580 1065 2632 nequequem-

198 2628 332 2679 admodum
342 2629 379 2678 hic
392 2629 463 2687 facit,
479 2627 688 2677 constantissimam
702 2629 771 2676 illam
786 2630 903 2694 appellat,
914 2627 953 2678 sed
970 2629 1063 2688 constan-

198 2705 243 2739 tem
257 2726 265 2749 ,
283 2695 309 2742 δι
320 2691 426 2759 adjungit
436 2693 577 2754 conscientia:
593 2692 645 2740 aliis
656 2693 720 2739 enirn
736 2690 803 2738 aliter
817 2692 945 2743 videbatur.
978 2697 1006 2740 In
1022 2707 1064 2740 ve·

194 2766 246 2805 tere
259 2754 363 2803 lenione
377 2755 446 2816 nostra
460 2756 624 2821 comploditur
633 2756 707 2803 etiam
715 2753 866 2801 voluntatem
875 2758 958 2818 Appii:
975 2756 1000 2805 in
1010 2755 1064 2802 vul-

216 2829 321 2865 atavero
331 2819 453 2867 ciceronis
462 2832 573 2868 tantum:
589 2816 774 2881 quantomagis
789 2814 837 2862 lraee
852 2814 931 2864 officia
946 2817 1064 2881 experiari

196 2832 301 2930 debent
311 2876 340 2926 ab
350 2879 412 2935 iliis,
422 2895 525 2952 quorum
534 2880 668 2931 voluntates
681 2879 728 2927 tuis
741 2874 895 2939 respondent,
911 2881 936 2928 δι
948 2895 1002 2928 cum
1018 2882 1063 2931 tuis

197 2940 337 2992 consociata
344 2943 369 2989 δι
380 2944 510 3001 conpendia
520 2941 586 2999 sunt,
601 2956 675 3006 quam
683 2938 715 2989 ab
723 2938 786 2994 iilis,
794 2940 963 3003 qui,quamvis
973 2956 999 2992 tu
1007 2943 1064 2992 illos

197 3006 297 3072 diligas,
310 3018 394 3077 parem
403 3018 459 3068 erga
468 3017 492 3052 te
502 3006 608 3052 animum
620 3019 670 3051 non
680 2999 796 3055 habeant,
812 3014 919 3063 apertum
928 3004 968 3054 est.
991 3004 1064 3058 Addo

197 3070 273 3117 etiam
282 3068 382 3116 nnnimo
391 3064 430 3113 bie
440 3065 647 3115 accommodatum
656 3059 724 3113 fuisse
733 3059 830 3110 verbiun
844 3065 1021 3127 ronstanriffima,
1038 3071 1065 3119 δι

198 3131 262 3193 prius
282 3145 355 3194 quam
369 3129 473 3194 Appium
488 3129 577 3177 hortari
591 3141 630 3177 aut
644 3122 766 3190 impellsse
785 3122 860 3187 posset
877 3125 911 3190 (si
925 3130 959 3177 itu
972 3131 1067 3180 locutus

197 3188 268 3301 offetp
284 3192 315 3255 ad
328 3191 354 3241 id
368 3191 433 3257 quod
443 3190 565 3246 studebat,
580 3188 686 3239 lesuram
694 3181 775 3237 fidis&
791 3201 846 3236 cum
856 3205 941 3254 negare
950 3206 1000 3241 non
1011 3192 1066 3257 pose

198 3250 235 3303 sot
269 3255 381 3304 multatos
395 3257 456 3304 inter
470 3270 512 3304 eos
528 3248 694 3303 intercoiliffe:
708 3258 767 3297 nam
781 3251 938 3314 exprobrasset
955 3256 1023 3319 culpa
1036 3256 1067 3305 ilv

199 3314 246 3370 lius
256 3312 347 3364 fastum
356 3315 507 3383 fuiffe,quod
519 3318 622 3366 arnicitia
629 3308 832 3370 intumptaess‘et,
848 3313 867 3363 fi
877 3314 1011 3369 affirmasset
1022 3334 1066 3367 vo.-

201 3376 399 3429 luutatem-suam
413 3396 468 3445 erga
482 3381 551 3434 illum
567 3368 777 3429 constantissimam
798 3373 872 3427 fuisse.
906 3377 971 3427 Infra
987 3394 1067 3430 autem

200 3438 398 3511 ubiiialoquitur
408 3441 430 3494 se
439 3456 542 3516 purgat,
557 3445 584 3496 δι
594 3451 674 3515 aperta
688 3430 784 3500 011Ρὸ111
798 3435 865 3502 liuius
880 3441 1030 3561 iucommoitllli
1041 3446 1067 3499 in

1028 3521 1070 3563 Um

675 3636 790 3672 Aa
