2272 4020
179 138 222 211 86
299 133 410 201 Error.
432 144 483 194 ar>
504 127 544 193 C.
565 124 774 202 Cuutoutu,
794 141 837 189 er
861 139 965 191 Atros
986 109 992 115 ’

179 244 262 308 aedilis
277 261 305 302 es
319 240 422 308 uuus,
441 239 526 297 nullas
538 249 635 314 putem
650 233 722 293 datas
738 254 745 292 ι
765 232 913 315 praesertim
929 231 996 291 cum
1011 228 1052 291 es-

179 322 218 380 set
232 332 306 378 tanta
321 336 378 386 res,
398 327 483 372 tantae
504 312 709 388 gratulationis3
732 320 757 363 tt
767 310 801 367 de
815 322 842 367 te
859 354 867 379 ,
886 309 950 388 quia
970 307 1052 387 quod

177 396 317 471 sperabam
326 418 336 462 3
359 404 386 447 54
394 390 458 449 dein
472 389 561 459 Hillo,
582 388 691 462 (balbus
706 388 781 444 enim
795 387 873 461 sutn)
894 384 972 461 quod
991 402 1052 444 non

177 484 315 546 putaram.
354 468 442 543 Atqui
463 465 498 525 stc
512 467 630 534 habeto,
650 463 753 523 nullam
775 479 822 521 me
844 461 986 537 epistolam
1006 477 1054 517 ac-

178 543 277 623 eepiffe
291 560 368 605 tuam
382 542 442 619 post
454 543 569 601 comitia
581 541 627 599 ista
640 539 768 615 praeclara
783 581 792 608 ,
811 556 876 614 quae
896 555 944 596 me
956 536 1054 595 laetitit
1103 604 1105 609 ¹

1093 486 1105 601 t

178 625 349 689 certauerunt:
370 637 470 698 exquo
483 635 599 687 vereor,
618 635 655 675 ne
668 615 744 677 idem
759 615 904 705 ”eveniat
924 615 954 674 in
975 629 1053 673 meas
1103 620 1105 625 '

927 717 930 721 ,
1009 688 1056 747 lit,

179 819 292 876 fiverba,
307 810 333 869 ut
343 817 409 884 snpra
419 833 433 866 a
443 816 526 880 nobis,
543 818 604 868 rede
621 815 729 868 distincta
745 815 832 866 fuerint
848 850 857 874 ,
887 829 939 880 qute
954 812 1053 885 suspicio

179 881 262 933 mendi
276 883 420 947 relinquatur
434 897 484 929 non
500 880 578 932 video.
597 887 675 929 samer.
693 884 786 929 Manut.
799 896 829 928 ex
844 891 889 929 vet.
907 879 1054 941 Qamelrm

85 949 87 953 '
180 947 223 1008 ipse
236 949 269 992 ait
280 946 303 1007 se
317 948 394 1002 malle,
410 961 484 1008 quere.
502 945 579 1008 potius
590 943 680 991 videtur
690 940 792 991 delenda
801 945 903 1007 negatio.
923 943 975 987 Vide
985 957 1052 1005 quam

178 1008 325 1073 perferantur,
342 1007 388 1063 est,
405 1006 458 1055 vide
467 1018 493 1055 ut
503 1023 553 1055 non
570 1005 732 1071 perferantur,
748 1007 804 1062 vel,
821 1019 894 1069 quam
910 1019 960 1053 non
976 1003 1053 1069 petfe⁴

182 1083 276 1128 tantur,
294 1069 374 1127 idest,
391 1084 464 1135 quam
475 1071 538 1118 male
549 1068 702 1135 perferantur.
719 1069 879 1126 J.F.Gronor1,

215 1150 252 1189 53.
269 1139 347 1190 Dete,
362 1135 480 1196 puiaqtetd
491 1135 616 1196 sperabam,
632 1133 657 1178 dc
668 1134 754 1188 nihilo,
769 1132 841 1178 balbus
856 1134 912 1178 enim
923 1131 994 1189 suem]
1008 1131 1056 1179 Hic

184 1195 250 1251 locus
261 1194 329 1259 valde
340 1196 399 1244 mihi
410 1193 500 1258 semper
511 1194 618 1243 obscurus
628 1191 687 1242 visus
696 1192 742 1247 est:
755 1208 826 1258 quare
835 1193 887 1243 fieri
895 1195 968 1241 etiam
977 1191 1055 1257 potest

185 1270 212 1307 ut
228 1257 317 1315 mendo
334 1274 384 1307 non
400 1270 485 1306 vacet:
502 1259 526 1307 id
540 1273 587 1322 ego
601 1271 677 1321 neque
692 1271 778 1322 negare
793 1272 870 1322 neque
886 1253 1002 1305 affinnate
1014 1269 1056 1303 ata

184 1317 236 1377 tim.
259 1337 314 1376 cum
327 1334 409 1370 tamen
424 1336 508 1368 omnes
526 1320 576 1370 fere
595 1318 716 1384 imprellos
731 1319 823 1368 codices
841 1354 848 1376 ,
873 1319 970 1367 cunctos
992 1331 1056 1367 certe

186 1382 293 1435 manusc
306 1381 368 1448 'ptos
379 1382 480 1433 eandem
497 1384 625 1432 ledioncm
640 1385 739 1431 retinere
754 1383 866 1439 videam,
883 1383 950 1429 nolui
966 1379 1057 1447 aliquid

185 1459 270 1497 contra
290 1459 316 1494 ot
327 1446 441 1495 librorum
452 1443 590 1495 consensum
599 1444 715 1494 statuere:
732 1434 830 1511 aliisque
846 1441 1009 1493 eruditioribus
1027 1442 1058 1498 de,

186 1509 234 1566 hoc
243 1508 417 1565 ¹decernendum
429 1510 561 1573 relinquere
570 1507 639 1558 satius
649 1506 695 1558 effe
705 1506 768 1561 duxi.
802 1506 848 1570 Qui
863 1523 895 1555 nu
925 1524 936 1556 r
951 1508 1058 1557 venetiis

187 1572 230 1629 has
241 1571 350 1637 epistolas
360 1570 495 1628 ediderunt,
512 1575 537 1619 de
553 1574 613 1621 Hillo
630 1570 804 1629 emendarunt,
820 1570 881 1618 hanc
905 1570 967 1621 ccuti
986 1571 1060 1621 ratio

188 1648 247 1691 nem
258 1638 284 1691 dc
295 1635 467 1696 conjecturam,
483 1647 508 1683 ut
518 1649 590 1699 puto,
606 1645 630 1682 ut
642 1635 671 1683 de
682 1639 747 1682 Hirri
757 1632 847 1698 repulsa
862 1648 875 1681 a
893 1647 916 1681 at
929 1668 936 1690 ‚
970 1634 995 1681 ui
1004 1648 1060 1689 cunr

189 1698 312 1750 Ciceronis
323 1696 445 1762 quondam
455 1699 598 1762 competitor
606 1695 695 1753 fuiffet,
712 1712 793 1762 graves
804 1711 858 1744 cum
867 1649 910 1746 ifio
926 1711 957 1761 po
978 1709 1006 1745 ea
1015 1698 1061 1747 inr-

190 1760 292 1834 micitiat
304 1759 389 1824 goffit,
405 1759 494 1833 dequo
510 1758 543 1809 est
558 1760 701 1835 inepillolis
718 1760 810 1834 (Joelii,
826 1772 852 1809 ut
872 1774 988 1834 magnam
1001 1760 1060 1811 laeti·

190 1822 1063 1999 partautpttatttmtaratantara

203 1948 279 2013 inguae
294 1948 353 1995 vitio
370 1966 382 1995 r
409 1962 485 1998 teram
500 1950 630 2013 exprimere
645 1961 782 2014 nequeunt,
803 1952 828 1998 br
840 1964 882 2014 pro
892 1950 946 2005 illa,
963 1952 1010 2017 lpt
1037 1965 1061 1999 ε’

190 2022 264 2069 matt
286 2011 490 2074 quemadmodum
505 2010 567 2076 apud
582 2012 763 2079 Aristophanem
778 2011 912 2061 Alcibiades
927 2011 1061 2072 inducitur,

191 2073 234 2137 qui
244 2085 330 2121 natura
340 2075 399 2123 titio
409 2075 434 2122 in
449 2073 496 2122 hoc
511 2074 640 2137 peccabat:
657 2074 763 2144 adjungit
784 2077 848 2123 enim
869 2074 948 2124 statim
964 2078 1062 2138 cicero,

190 2136 270 2185 Bellus
280 2137 348 2195 sum,
365 2137 421 2199 quod
430 2153 469 2183 non
481 2138 588 2197 putabam,
622 2137 738 2211 Lepidum
754 2134 808 2185 sanc
817 2151 1002 2196 commentam,
1018 2154 1063 2189 neo

192 2199 272 2262 inepte
282 2200 451 2263 excogitatum.
468 2197 551 2262 quibus
566 2201 696 2264 placuerit,
712 2213 822 2265 poterunt
838 2202 872 2248 ita
892 2202 1063 2266 intelligere&

191 2258 325 2331 emendare.
359 2258 436 2316 Nobis
447 2261 523 2325 magis
534 2275 599 2311 acute
609 2278 682 2329 quam
694 2277 748 2311 vere
764 2261 899 2328 expolitum
914 2263 1019 2313 videtur:
1036 2264 1064 2314 fit

194 2336 261 2377 emm
275 2324 345 2369 nimis
361 2323 491 2373 multarum
505 2323 626 2375 literarum
638 2327 822 2382 immutatione,
844 2327 883 2374 vel
899 2328 977 2390 potius
992 2329 1064 2377 totius

194 2385 261 2439 vocis
272 2383 425 2448 petverfione,
458 2384 558 2450 Quodsi
574 2390 652 2439 liceret
667 2402 761 2439 tantum
777 2388 819 2437 fibi
834 2391 859 2438 in
874 2390 1018 2465 corrigendis
1034 2390 1065 2439 li·

194 2445 241 2503 btit
250 2448 399 2521 permittere,
415 2448 474 2498 nihil
485 2454 536 2502 ta‘m
547 2449 699 2515 depravatum
708 2449 765 2501 effct
776 2486 784 2509 ,
800 2452 865 2515 quod
875 2467 925 2500 non
940 2466 974 2508 tta
989 2448 1065 2518 pollet

194 2511 345 2568 concinnari,
360 2524 386 2559 ut
396 2526 426 2559 ex
437 2526 467 2560 eo
478 2513 567 2585 aliquid
583 2514 715 2563 commoda:
731 2513 848 2563 sententia
864 2516 1004 2575 eliceretur;
1027 2513 1066 2570 sed

195 2571 220 2620 id
236 2587 318 2641 partun
326 2586 405 2622 tutum
414 2572 461 2631 est,
478 2572 600 2641 saeptusque
609 2579 635 2625 in
645 2577 736 2625 malum
746 2579 822 2631 uertit.
856 2580 992 2628 Nonnullae
1004 2595 1065 2644 quo*

195 2640 243 2698 qne
254 2636 399 2696 tonjedturas
409 2652 460 2701 que
470 2637 531 2685 hanc
542 2639 778 2695 emendationem,ut
788 2640 933 2699 violentam,
949 2644 983 2694 ita
993 2644 1067 2697 etiarn

196 2712 247 2746 non
257 2711 336 2748 veram
346 2697 392 2747 effe
410 2713 532 2762 arguerent
549 2701 638 2751 adferre
651 2699 757 2776 pulsem:
772 2717 829 2769 quas
840 2715 922 2752 tamen
939 2706 1067 2766 omittam,

196 2774 229 2809 ne
238 2759 318 2830 videar
327 2761 428 2809 aliorum
438 2761 576 2815 industriam
585 2766 646 2813 velle
659 2761 779 2823 msediarl,
796 2779 850 2813 ctun
864 2766 924 2815 nihil
938 2782 986 2832 ego
1019 2767 1068 2821 uod

196 2835 275 2885 magra
291 2818 381 2871 sonsum
396 2824 463 2887 hujus
484 2826 532 2874 loci
552 2826 672 2884 illustret,
699 2828 871 2891 mundasque,
897 2827 914 2876 st
949 2846 983 2878 nae
997 2783 1070 2895 fftnt,

196 2882 276 2943 obluat
311 2883 424 2943 adferam.
445 2891 556 2941 Vitiorius.
588 2887 725 2954 Relpondet
740 2890 786 2941 illis
799 2888 872 2938 verbis
893 2907 906 2940 e
924 2845 957 2943 tii.
970 2913 992 2954 4.
1016 2891 1070 2951 rib,

197 2959 260 3021 vtn,
279 2917 371 3009 dperote
382 2953 511 3003 celeriter&
529 2953 555 2999 de
569 2954 625 2999 nobit
638 2987 645 3008 ‚
660 2954 717 3017 quod
728 2951 818 3017 spelassi
827 2987 835 3013 ,
857 2956 883 3007 dt·
899 2907 925 3008 <Xe
939 2959 997 3014 illa,
1013 2956 1072 3022 qued

197 3010 330 3072 prosperare
340 3012 405 3072 ausus
419 3030 452 3068 es,
469 3016 604 3066 auditurum,
622 3016 748 3071 Corradus

232 3088 269 3132 54„
286 3078 321 3120 De
336 3076 412 3123 nihilo.
446 3077 523 3124 Balbus
537 3081 594 3125 etaim
605 3079 673 3139 sem,
690 3080 746 3142 qnod
761 3097 802 3126 nott
814 3088 934 3142 putaram]
964 3086 1021 3130 Haec
1038 3080 1073 3131 est

199 3137 310 3189 omniunt
320 3133 371 3195 mff,
383 3137 469 3192 lestim
487 3154 560 3203 quam
569 3153 594 3188 ut
609 3141 728 3215 integrum
742 3140 860 3191 affirmare
873 3159 924 3192 non
939 3144 1073 3195 audemus:

201 3198 237 3253 ita
246 3197 346 3248 aliorum
358 3200 495 3259 contectura
510 3202 619 3253 codicum
633 3201 768 3269 serrpturam
782 3205 887 3269 proferte
902 3209 974 3255 tutius
989 3206 1073 3263 visum.

203 3258 358 3318 emendaram
369 3263 420 3317 alil:
437 3269 473 3310 De
483 3268 544 3312 Hillo
561 3267 649 3330 (Balbus
658 3264 784 3335 enimsum)
800 3272 863 3333 quod,
881 3270 994 3327 Gttlielrtt¹
1012 3271 1076 3325 atio·

204 3318 308 3383 labatur,
324 3326 391 3381 dein,
407 3329 475 3382 Hillo,
493 3326 612 3387 Gebhard„

240 3400 276 3445 tt.
294 3390 421 3438 Eveniett'n
434 3406 490 3439 meat
505 3393 597 3452 limat]
628 3392 726 3442 Aecldat
741 3393 808 3451 mele.
829 3392 862 3449 sse
876 3409 968 3467 expetere
983 3399 1007 3447 t'n
1030 3397 1077 3442 eli·

204 3447 352 3524 netellam.
367 3450 572 3524 amputator.
590 3457 748 3518 thuana.
826 3478 831 3485 ·
1032 3522 1078 3573 Sd

976 3529 1014 3583 26.
1050 3539 1060 3569 e
