2272 4020
226 185 267 250 68
316 182 440 261 ¹'Enisa
461 201 511 248 no
533 183 572 248 C.
595 184 805 262 Curionum,
825 200 869 248 ar
890 201 993 252 aeros

225 295 260 352 de
273 294 366 354 litteris
379 296 517 356 hedenus.
537 295 617 355 ⁸non
632 298 707 356 enim
721 313 835 364 vereor,
854 313 891 353 ne
905 314 964 354 non
977 294 1049 355 scn'b

224 369 304 428 dote
319 372 460 447 expleam:
475 373 623 449 praesertim
636 373 657 431 fi
670 374 698 431 in
713 391 748 429 eo
755 389 856 447 genere
863 371 981 430 studium
996 391 1049 431 mea

223 464 283 504 non
297 447 478 522 aspernabere.
499 451 561 524 Ego
574 462 603 507 te
617 446 728 507 abfuisse
741 448 848 505 tamdiu
861 445 876 503 ‘a
890 448 968 506 nobis
981 450 1049 507 9&‹

222 522 278 590 lui,
299 523 376 599 quod
397 527 470 583 carui
491 525 581 583 frusiu
597 524 798 600 jucundissimae
824 522 1043 592 consuetudinis3

222 597 325 667 laetor,
351 599 429 676 quod
448 600 539 659 absens
562 602 657 658 omnia
685 618 750 658 cum
770 600 892 657 maxima
912 599 1044 673 dignitate

223 673 405 734 consecutus:
436 676 619 753 ¹0qubdque‚
633 678 662 734 in
677 677 805 734 omnibus
824 677 876 732 tuis
896 674 974 732 rebus
989 719 997 744 ‚
1025 694 1049 733 m

132 804 139 819 ,
174 805 181 820 ,
224 753 321 824 optatis
336 753 444 811 fortuna
458 752 601 826 respondit.
621 752 708 810 Breve
723 752 776 821 est,
797 751 874 828 quod
889 762 935 809 me
955 750 1004 808 tibi
1023 758 1049 827 pi

224 827 314 900 cip'ere
329 845 405 891 meus
420 829 579 886 incredibilis
592 829 622 885 in
634 841 662 886 te
683 847 762 886 amor
784 827 866 902 cogit.
889 838 966 886 tanta
987 826 1025 884 est
1046 854 1049 880 ι

221 900 352 977 spedatio
370 905 447 964 ¹¹vel
461 904 547 963 animi
571 903 617 962 vel
636 905 740 980 ingenii
762 904 825 973 nti,
851 914 882 962 ut
897 920 950 978 ego
963 915 992 960 te
1010 912 1049 960 ¹2«

256 1128 277 1170 8.
295 1125 407 1170 Nonmt'm
417 1138 509 1180 vereor,
530 1140 554 1169 ne
570 1140 610 1168 non
622 1122 727 1183 scribenda
742 1133 763 1168 te
775 1123 887 1184 expleam]
919 1123 976 1167 Non
991 1117 1049 1166 diabli

221 1180 312 1246 inquit,
329 1188 385 1247 quin
396 1185 514 1235 scribendo
527 1199 551 1235 te
561 1186 676 1250 expleam⁸
694 1198 752 1232 nam
761 1187 802 1240 &,
818 1190 865 1230 Non
877 1199 970 1237 ocrem,
985 1182 1049 1244 cupi(

221 1257 287 1303 tam,
304 1248 449 1312 minimeque
459 1249 553 1299 dubiam
564 1263 580 1295 o
595 1250 702 1296 inionem
713 1245 846 1310 fignificat:
863 1247 888 1294 ἃ
907 1241 1025 1307 sequentes
1041 1260 1049 1293 t

221 1311 373 1373 negationes,
388 1318 420 1358 Ne
430 1330 482 1368 non,
498 1313 549 1361 vim
558 1263 644 1359 hadent
656 1308 795 1358 affirmandi.
829 1309 864 1356 Sic
874 1306 938 1369 epist.
947 1316 968 1356 6.
996 1311 1044 1354 Non

221 1387 308 1428 uerear,
324 1390 349 1419 ne
363 1387 401 1419 tua
415 1379 487 1422 virtus
502 1378 594 1436 opiau'oni
609 1376 717 1419 hominum
738 1391 777 1418 non
795 1371 918 1435 respondeat.
949 1375 978 1418 Et
993 1368 1049 1439 {pist

122 1466 128 1473 -
222 1438 271 1480 Non
282 1437 332 1494 fiam
347 1439 447 1492 veritus,
473 1454 498 1482 ne
507 1436 609 1497 sustinere
623 1449 661 1482 tua
675 1432 772 1494 beneficia
787 1448 825 1478 non
841 1432 922 1494 possem.
957 1437 1049 1481 Etlnl

144 2120 148 2129 ’
221 2122 385 2182 ῐεῐριιηθεὶοηε
397 2126 461 2173 elicie

221 1510 289 1545 tem:
304 1503 451 1554 Nonaereor,
474 1503 545 1547 naboe
560 1497 650 1559 officium
664 1513 733 1545 mcum
751 1502 776 1544 Ρ,
793 1497 886 1543 Servilio
899 1496 974 1553 judici
990 1509 1031 1537 non
1041 1509 1049 1558 p

222 1559 279 1674 md
299 1563 474 1682 Elpdplsuapupped
484 1626 544 1670 carui
551 1620 781 1683 frussuy'umndsffimae
792 1621 944 1681 consuetudinis
954 1639 963 1679 ς
978 1624 1005 1675 ir
1016 1625 1049 1670 lat

225 1684 263 1730 Ita
276 1682 347 1731 scribo
360 1701 388 1732 ex
401 1683 504 1736 editione
510 1685 623 1741 Visiorii3
640 1688 665 1733 &
673 1684 722 1732 fere
733 1682 822 1732 omnib.
832 1683 1049 1734 Pallnamdoluiha

225 1745 286 1794 Visst.
295 1747 340 1795 Pal.
353 1762 387 1811 pr.
400 1751 504 1798 vatican.
519 1749 544 1796 δι
554 1751 580 1797 ni
594 1761 633 1794 tua
644 1749 754 1810 ignorant
766 1748 870 1809 quinque
880 1746 937 1795 Pall.
950 1743 989 1795 sex
998 1753 1049 1797 Mat

225 1810 408 1920 anpiapagiiquu
426 1812 497 1876 vulgo
510 1824 516 1856 :
534 1811 559 1862 da
570 1811 626 1857 doleo
636 1810 691 1874 quod
705 1827 721 1858 c.
734 1809 768 1869 fr.
774 1810 894 1905 Ι]ἰ4ά.,ωηβ
904 1822 962 1866 tm
985 1813 1013 1863 (φ
1026 1814 1049 1859 sa

223 1872 292 1983 Geso.
309 1909 426 2000 Quasque,
437 1940 461 1984 sn
475 1939 567 1985 omnsbm
582 1939 627 1984 ταῖς
636 1936 707 1993 rebus,
718 1938 770 1982 meis
790 1937 866 1996 optatis
877 1933 967 1993 fhrtuna
977 1935 1048 2008 respon

221 1997 299 2054 Breve]
315 2002 370 2047 Sunt
382 2003 422 2064 qui
433 2000 565 2049 existiment
578 1998 600 2048 se
616 1996 677 2047 solos
693 1997 754 2045 hunc
772 1997 853 2045 locum
869 1996 931 2069 teste
945 1997 1049 2070 dislmxis

222 2058 263 2119 qni
272 2073 354 2109 vereor
366 2077 396 2110 ne
407 2063 498 2173 decepti
509 2061 553 2110 sint
567 2079 573 2109 ε
590 2076 636 2135 ego
647 2057 823 2171 enirpsesepltspm
831 2073 899 2169 &pp
909 2069 1049 2171 ppmprppffil

221 2179 288 2246 supra
300 2186 423 2249 diligenter
434 2137 720 2243 reddidisiedfncdtreumndm
734 2136 759 2233 d
772 2157 873 2232 eandem
888 2183 919 2232 ob
930 2199 981 2233 rem
997 2185 1049 2234 dive

221 2242 334 2295 decausis
346 2247 491 2298 &dolorem
503 2252 528 2298 &
540 2251 686 2312 voluptatem
695 2242 804 2311 cepisset:
820 2245 909 2294 addidit
922 2281 929 2302 ,
946 2245 968 2296 se
980 2261 1049 2357 praete

221 2305 325 2360 absentm
334 2311 393 2360 illius
405 2313 508 2362 laetatum
519 2309 578 2368 esse,
594 2310 659 2376 quod
670 2309 778 2358 omnibus
789 2312 814 2358 in
824 2309 890 2357 rebus
906 2308 963 2357 felix

221 2369 303 2434 tusque
313 2370 404 2431 finisset,
420 2375 481 2423 adeo
497 2387 521 2422 ut
538 2374 596 2424 nihil
613 2389 627 2421 a
642 2373 737 2421 fortuna
752 2371 866 2435 postulare
881 2373 1004 2434 potuerit,
1019 2387 1049 2438 qt

220 2430 263 2494 ipsi
274 2432 408 2499 prospemm
417 2440 533 2493 eveniret,
550 2439 607 2502 quin
617 2437 659 2484 illa
670 2436 768 2483 Curioni
778 2435 894 2482 cumulate
906 2435 991 2498 largita
1000 2432 1045 2483 sit:

220 2497 287 2543 enim
297 2495 329 2544 est
339 2500 378 2559 res
384 2502 456 2548 andere
468 2503 549 2563 optaris.
568 2513 624 2547 nam
633 2498 746 2563 particula
757 2512 796 2560 que
807 2496 824 2545 fi
837 2509 942 2544 accurate
953 2510 1049 2561 perpent

219 2566 277 2615 ‘¹¹12
297 2574 323 2607 m
356 2562 423 2611 'esto
440 2562 560 2619 ostendit,
577 2576 630 2609 cum
647 2559 761 2624 superiore
776 2557 889 2607 sententia
908 2558 969 2606 hanc
991 2573 1049 2623 part·

219 2622 331 2686 conjungi
345 2623 437 2674 debete.
492 2626 528 2672 uia
541 2637 623 2672 tamen
638 2636 726 2686 magna
735 2623 760 2670 in
776 2637 800 2671 re
816 2623 899 2670 leviter
913 2623 1000 2670 Cicero
1016 2623 1049 2671 isli

218 2682 349 2732 admonere
359 2689 423 2744 vult,
438 2632 565 2736 ne(}erocis
578 2687 652 2734 animi
667 2681 800 2733 adolescens
818 2699 878 2749 agre
893 2683 964 2732 ferret
986 2684 1049 2757 (iniq

219 2745 286 2793 enim
302 2747 383 2797 animo
399 2764 427 2797 ea
448 2764 501 2797 atas
519 2747 707 2812 reprehensiones
730 2749 834 2810 accipere
852 2745 1007 2808 consuevit),
1029 2749 1049 2796 ie

218 2803 281 2853 breve
290 2805 337 2856 esse
347 2811 416 2866 dicit,
432 2814 458 2860 bt
469 2811 491 2860 se
505 2825 599 2876 propter
610 2810 773 2859 admirabilem
789 2823 896 2857 amorem
912 2808 971 2856 illud
987 2810 1049 2858 aetio

219 2881 271 2916 non
285 2867 353 2933 posse
369 2871 477 2923 affirmat.
510 2874 574 2935 Quid
593 2886 672 2921 autem
689 2870 717 2919 fit
732 2871 810 2920 siatim
826 2872 941 2934 exponit,
958 2869 1049 2981 postqua

218 2927 411 2982 benevolentiam
427 2936 487 2983 illius
501 2934 544 2984 sibl
560 2935 736 2991 reconciliavit,
753 2937 778 2983 &
797 2933 885 2998 spiritus
903 2932 959 2980 nobi
971 2931 1006 2983 iss.
1026 2949 1049 2984 at

217 2990 323 3043 sescentis
343 2996 514 3061 aliquantulum
530 2999 654 3062 mitigavit.
678 2999 788 3046 Vissorius.
822 2997 866 3044 Hic
883 2997 947 3045 loeus
961 3010 1049 3060 perper.

217 3066 289 3103 antea
298 3058 457 3122 interpunsius
472 3059 612 3110 distrahebat
624 3057 733 3116 sensum,
767 3074 822 3106 uem
838 3072 882 3106 nos
898 3057 1049 3109 distinslionis

216 3115 367 3178 immutatis,
389 3134 504 3186 tanquam
518 3126 543 3173 in
558 3123 623 3171 suam
639 3119 718 3170 sedem
731 3073 870 3171 reduximus.
888 3118 921 3167 est
935 3132 1016 3169 autem
1033 3123 1048 3171 h

216 3181 285 3242 Qod
298 3200 330 3228 me
341 3185 412 3244 facere
423 3203 480 3232 meus
493 3191 516 3232 in
525 3201 545 3232 te
555 3202 615 3232 amor
625 3189 695 3246 cogit,
710 3199 735 3231 ut
749 3188 790 3231 tili
802 3186 922 3247 precipiam
938 3216 945 3237 ‚
961 3185 986 3228 id
998 3185 1049 3243 faci

212 3240 325 3349 pretium,
341 3249 423 3310 quando
437 3251 531 3297 omm'sus
544 3254 587 3296 tuis
598 3253 622 3295 sn
637 3248 695 3294 rebus
710 3251 762 3293 meis
776 3250 850 3310 optatis
861 3247 952 3306 senuna
970 3246 1049 3309 respond

231 3310 342 3358 ,Manun

249 3382 282 3416 11.
303 3372 338 3415 Vel
347 3375 416 3419 animi
426 3374 462 3418 ves
473 3376 571 3435 ingenis]
596 3379 657 3421 Tam
667 3370 775 3435 praelata
785 3370 919 3436 exspeslant
930 3369 1042 3420 homines

214 3440 239 3476 te
250 3432 275 3479 &
287 3431 317 3480 ob
329 3431 398 3481 istum
409 3436 514 3484 animum
526 3434 661 3498 sensumque
672 3435 702 3482 de
718 3450 765 3499 rep.
777 3437 803 3485 &
820 3433 852 3483 ob
866 3433 1008 3484 factmdiam.
1029 3440 1048 3483 L

214 3506 296 3557 39,40.
312 3498 336 3546 in
345 3499 382 3547 laos
390 3499 439 3546 vira
449 3511 510 3548 tanta
519 3500 556 3550 vsa
566 3500 636 3555 animi
646 3500 763 3564 ingeniique
775 3498 831 3560 fait.
848 3496 869 3562 J.
882 3501 907 3549 1².
917 3500 1024 3549 Gronov.
1038 3566 1049 3609 c

983 3575 1019 3612 ιι.

992 2322 1049 2360 ortu
