2272 4020
234 224 421 315 errjn
463 224 754 307 Qururus.
863 229 921 293 261

53 339 123 399 'curn
135 356 195 399 rem
210 340 287 399 aliter
301 341 449 399 institutam
464 337 655 408 offendissem,
674 358 706 399 ac
722 341 790 399 mibi
811 341 924 418 placuis-

56 416 113 485 set,
131 416 151 475 si
165 414 298 475 affuissem
312 439 321 485 ;
342 430 437 475 tamen
450 416 523 477 nulla
537 434 566 475 re
578 415 654 475 saluti
667 427 724 473 tuae
738 417 829 477 defui:
844 436 925 476 curn-

55 510 112 568 que
133 511 170 550 eo
190 506 318 569 tempore
333 493 454 552 rinvidia
474 511 612 562 annonae,
631 493 738 550 inimici
758 513 815 552 non
836 495 924 553 solum

56 569 121 637 tui,
141 567 238 627 verbm
260 571 342 627 etiam
363 571 518 628 amicorum
539 582 676 637 tuorum,
696 569 821 645 iniquitas
841 573 926 630 totius

52 643 169 719 judicii,
189 646 330 720 multaque
344 645 395 703 alia
408 646 564 720 reipublicae
578 646 660 712 vitia,
680 645 738 719 plus
752 644 838 720 quim
861 665 926 705 cau-

56 719 83 779 sa
97 719 151 794 ipsa
172 720 323 797 veritasque
342 718 506 780 valuissent:
527 721 623 779 Publio
643 733 694 779 tuo
716 739 807 797 neque
828 740 928 798 opera,

57 813 150 882 neque
171 797 311 867 consilio,
337 814 429 873 neque
449 798 565 868 labore,
585 815 677 873 neque
696 799 803 872 mina,
837 816 929 874 neque

56 871 217 932 testimonio
231 874 316 932 defui.
354 874 574 949 Quamobrem,
594 873 722 931 omnibus
743 874 842 931 officiis'
859 876 930 932 ami·

56 948 132 1006 ciriae
151 948 294 1025 diligenter
316 950 331 1008 *a
354 967 401 1007 me
420 947 565 1025 sandieque
585 947 694 1007 servatis
715 991 723 1016 ,
742 968 778 1008 ne
792 950 847 1008 hoc
868 953 930 1027 qui-

57 1023 124 1083 dem
138 1025 406 1100 praetermittendum
420 1023 474 1083 esse
488 1025 571 1095 duri,
590 1038 619 1084 te
634 1038 665 1082 ut
684 1026 830 1095 hortarer,
850 1044 931 1102 roga-

56 1117 198 1177 remque,
217 1104 294 1160 ut&
310 1102 479 1160 ⁶hominem
500 1115 529 1160 te
549 1104 579 1160 &
605 1102 694 1159 virum
717 1098 769 1159 esse
791 1103 932 1162 meminis-

58 1176 116 1245 ses,
134 1177 164 1236 id
191 1178 251 1248 est,
285 1190 316 1237 ut
337 1181 367 1237 δι
392 1196 576 1237 communem
602 1178 795 1254 incertumque
822 1179 930 1250 casum,

58 1270 146 1328 quem
167 1272 258 1331 neque
278 1255 364 1313 vitare
390 1254 533 1331 quisquam
554 1253 700 1322 nostrum,
727 1272 780 1312 nec
807 1255 932 1329 praestare

58 1329 117 1387 ullo
130 1329 212 1405 padio
225 1330 330 1406 potest,
350 1331 481 1405 sapienter
495 1331 577 1388 ferres
592 1353 600 1398 ;
622 1332 652 1388 &
666 1329 756 1388 dolori
778 1331 884 1389 fortiter
897 1341 932 1391 ac

22 1430 27 1435 ·
58 1406 182 1464 sortunae
195 1406 346 1465 resisteres:
367 1407 575 1483 cogitaresque,
595 1409 625 1464 bc
644 1408 674 1464 in
694 1405 784 1464 nostra
805 1408 933 1478 civitate,

61 1483 94 1540 δε
107 1483 138 1541 in
151 1483 262 1552 ceteris,
282 1500 347 1559 quae
360 1502 452 1542 rerum
466 1484 563 1559 potitae
576 1481 653 1551 sunt,
673 1482 765 1540 multis
785 1483 933 1545 fortissimis

62 1569 147 1635 atque
161 1560 272 1633 optimis
285 1561 365 1628 viris,
385 1559 486 1635 injustis
497 1559 623 1635 judiciis,
642 1559 707 1617 tales
716 1557 789 1616 casus
802 1558 934 1621 incidisse.

62 1632 134 1695 Illud
147 1637 254 1693 utinam
268 1654 304 1693 ne
318 1635 383 1694 vere
396 1636 558 1704 scriberem,
578 1654 611 1693 ea
624 1646 652 1692 te
666 1635 803 1711 republica
824 1653 934 1707 carere,

49 1711 94 1769 'in
108 1728 161 1787 qua
176 1713 320 1770 neminem
333 1711 498 1787 prudentem
510 1712 658 1770 hominem
672 1729 713 1769 res
733 1711 786 1769 ulla
807 1710 935 1773 deterret.

63 1786 111 1847 De
124 1799 175 1846 tuo
189 1800 283 1846 autem
297 1787 371 1857 filio,
390 1805 505 1857 vereor,
524 1806 578 1856 ne,
597 1786 617 1845 fi
637 1786 705 1845 nihii
724 1786 759 1844 ad
779 1798 808 1843 te
828 1788 937 1864 scripse-

62 1863 136 1935 rim,
154 1862 300 1927 7debitum
314 1865 371 1941 ejus
385 1864 478 1931 virtuti
491 1864 584 1925 videar
597 1862 786 1927 testimonium
800 1863 936 1999 nonsssqe-

850 1958 877 2017 pr
900 1959 936 2003 e:

64 2099 73 2109 '
99 2109 122 2152 5.
139 2096 323 2145 Invidiaannonae
335 2099 421 2145 inimici
430 2115 470 2145 non
481 2097 552 2160 solum
561 2097 616 2156 tui]
636 2098 700 2144 cnm
715 2093 737 2143 ei
748 2106 842 2160 propter
856 2107 935 2144 antro·

65 2170 140 2213 nam,
155 2158 221 2222 quod
232 2159 377 2209 smmentum
387 2157 482 2209 fortasse
492 2163 518 2209 in
528 2159 638 2208 aedilitate
647 2159 688 2207 vili
698 2161 773 2222 pretio
784 2155 933 2217 vendidisset,

10 2228 17 2265 ¹.
65 2235 119 2268 non
130 2220 206 2269 modo
216 2224 264 2281 eius
274 2225 395 2280 inimicus,
411 2239 493 2272 verum
503 2224 573 2271 amici
582 2224 653 2271 etiarn
663 2221 801 2271 inviderent.
824 2224 882 2270 Non
898 2220 933 2269 est

10 2304 36 2341 L
65 2282 205 2333 inusitatum
215 2289 326 2335 Ciceroni
340 2285 430 2336 duobus
446 2289 480 2335 uti
500 2285 626 2351 generandi
643 2282 747 2340 casibus,
763 2297 788 2332 nt
803 2283 829 2331 in
844 2281 884 2332 lib.
902 2284 934 2333 de

10 2377 15 2385 -
64 2345 159 2397 Senest.
175 2350 240 2414 Qr'd
249 2352 274 2396 de
285 2356 310 2398 P.
323 2354 407 2397 Licinii
423 2349 486 2411 Craffi
500 2356 525 2402 b*
539 2350 645 2413 pontificii
661 2350 686 2399 dr
702 2350 778 2394 civilis
787 2349 850 2407 juris
859 2347 937 2406 studio

10 2404 21 2475 ⁵„-
65 2409 168 2471 loquar?
184 2415 214 2460 Et
225 2410 264 2461 lib.
273 2427 304 2463 rr.
321 2412 351 2461 de
361 2417 418 2462 Nat.
430 2412 494 2462 deor.
511 2417 543 2459 Iis
558 2414 658 2466 artibus,
678 2410 772 2475 quarum
780 2410 892 2470 judicium
907 2411 936 2472 ess

10 2486 31 2539 ᾗ·
66 2473 184 2523 oculorum.
201 2479 232 2523 Et
242 2474 299 2524 Phil.
308 2492 344 2536 ¹4·
361 2481 425 2535 Cipius
434 2478 601 2524 imbecillitatem
609 2477 680 2522 arrimr'
693 2477 784 2529 vinus,
799 2474 825 2525 (7
836 2473 883 2536 spes
898 2475 938 2523 νὶ-

10 2535 22 2571 lv
69 2534 143 2582 Horis
156 2536 299 2596 confirmavit.
332 2543 355 2587 1³.
368 2543 461 2588 Manut.

10 2608 25 2649 :t
102 2603 126 2646 6.
143 2602 255 2646 Hominem
265 2615 285 2646 re
298 2603 323 2652 rr
339 2606 435 2660 virum]
450 2599 488 2651 nb
497 2598 595 2650 homine
606 2599 758 2665 sapientiam,
775 2598 855 2647 avito
871 2596 940 2647 forti·

10 2684 27 2725 ς
67 2656 179 2709 tudinem
188 2662 297 2725 postulat.
315 2662 347 2710 est
357 2665 422 2712 enim
438 2662 534 2723 ἔμφασις
550 2664 575 2711 in
592 2667 688 2710 Virum:
708 2674 734 2709 ut
750 2662 776 2709 in
791 2659 890 2724 epistola
905 2658 940 2709 se-

64 2724 172 2788 quenti:
189 2727 325 2788 Tecolsigas,
341 2731 456 2790 virumque
483 2727 562 2774 rubeas.
580 2728 605 2774 dc
616 2725 674 2775 Phil.
682 2741 704 2773 2.
721 2725 811 2770 [trevir
825 2723 887 2781 fuit,
903 2741 940 2770 nos

61 2787 150 2852 qudem
165 2791 312 2837 contemnendi.
330 2793 360 2836 Et
372 2789 454 2852 inqua
471 2803 510 2836 um
522 2787 551 2836 ud
563 2790 669 2836 Atticum
679 2784 794 2851 epistola:
812 2789 840 2832 Si
852 2789 891 2833 vir
901 2787 940 2849 effe

10 2834 30 2909 fn
60 2850 142 2905 volet,
158 2851 193 2897 det
205 2854 307 2913 preclara
317 2852 428 2910 synbodr'a.
445 2853 470 2900 ἃ
481 2852 506 2899 iu
517 2856 601 2899 Bruto:
620 2853 672 2901 Vidi
681 2851 795 2910 Mitylenis
803 2852 897 2907 virum,
912 2850 941 2903 ό·

11 2901 32 2975 f'
59 2912 124 2960 vidi
130 2914 195 2975 plane
204 2918 285 2963 virum.
307 2913 383 2961 Idem.

10 2962 33 3017 ‘f
103 2990 128 3031 7.
145 2977 247 3023 Debitum
258 2982 304 3037 qius
314 2980 397 3023 virtuti
406 2976 484 3023 videar
492 2976 634 3038 testimonium
644 2994 684 3024 non
701 2976 793 3088 atrise]
822 2980 880 3025 Non
891 2987 942 3024 etat

10 3028 34 3059 ²*
60 3035 199 3094 Lambini,
216 3041 250 3100 jus
262 3055 289 3088 ac
303 3037 449 3100 majestatem
464 3038 574 3089 omnibus
590 3041 693 3105 antiquis
708 3054 737 3086 co
755 3038 826 3089 'cibus
841 3040 873 3087 eri
890 3052 943 3094 ere,

10 3088 35 3119 ¹⁸
58 3098 167 3164 illisque
176 3101 315 3164 procrdcatis
326 3101 391 3155 suum
400 3102 477 3163 dediffe
485 3117 610 3166 reponere:
626 3109 745 3152 Tenemus
766 3102 865 3153 firmiter
899 3115 944 3157 oe.

10 3150 39 3245 ξ
57 3178 101 3279 ἔκ
115 3162 547 3274 ᾳυὲηῗυεῖωὶῦωῑεήεηορυοδυε
557 3166 694 3222 Gulielmii,
710 3164 852 3217 editionibus
863 3164 944 3213 omni·
1012 3214 1016 3221 ,

21 3226 41 3283 ’ζ
87 3243 124 3277 us.
164 3232 248 3278 char.

10 3279 41 3311 ¹¹¹
104 3300 128 3340 ε.
147 3298 165 3337 c
185 3292 240 3351 iffi]
254 3290 323 3350 Etsi,
337 3291 488 3352 Testimonium
503 3293 606 3352 accipere,
621 3289 681 3339 dixit
692 3289 778 3338 Cicero
792 3288 818 3335 in
831 3293 943 3337 Verrem:

41 3302 206 3402 'tamense
217 3356 313 3411 malim,
329 3355 434 3415 Dedrffe:
469 3351 518 3401 uod
533 3352 630 3401 verbum
644 3366 675 3401 eo
690 3353 766 3414 magis
783 3351 871 3413 placet,
888 3354 945 3415 quii

40 3418 184 3485 ,congruit
196 3419 286 3480 optime
297 3433 351 3467 curn
361 3434 392 3466 eo
401 3368 467 3482 quod
478 3416 566 3465 ererum
577 3414 622 3473 est,
639 3415 743 3461 Debitum
757 3416 803 3485 eius
811 3418 902 3464 virtuti.
917 3416 945 3463 δι

10 3465 42 3539 ³⁶5
52 3480 136 3528 Dare
150 3478 311 3540 testimonium,
327 3479 437 3545 frequens
448 3481 474 3529 lo
492 3477 564 3527 uendi
574 3477 660 3526 modus
670 3475 733 3540 apud
748 3478 904 3531 Ciceronem,
918 3486 945 3523 ut

11 3526 109 3623 2:⁸2
120 3549 159 3595 16.
176 3540 216 3595 lib.
225 3558 287 3595 rtur.
304 3543 391 3607 Judr'cr'r'
400 3548 444 3595 nui
453 3496 597 3609 ipsimanium
605 3546 625 3593 ei
635 3541 723 3592 libenter
733 3540 791 3590 dedi.
808 3542 839 3590 Et
850 3537 891 3589 tib.
899 3551 946 3588 ΠΙ.

24 3657 44 3698 5¹
518 3610 570 3675 q,
919 3596 950 3647 de
