2272 4020
226 189 419 256 Linou
461 184 755 254 Tanarus.
883 209 937 273 141

63 301 151 363 sollun
161 300 262 380 justitia
277 347 285 372 ‚
304 301 449 362 sedetiam
470 298 656 361 misericordia
675 300 830 373 addudius,
851 314 882 360 ut
900 302 940 361 le-

63 398 160 439 varem
183 379 295 437 miseriis
315 378 432 456 perditas
454 378 601 447 civitates,
629 380 659 436 &
678 378 794 453 perditas
815 379 939 438 maxime

61 474 113 533 per
135 456 302 532 magistratus
322 456 406 525 suot,
425 452 522 513 ⁶9non
542 455 623 530 potui
637 453 680 512 iin
696 454 742 512 illo
755 454 865 531 sumptu
878 457 956 517 noni
974 460 1052 514 muer.

60 530 213 594 necessario
228 533 367 609 negligens
382 528 443 589 esse.
484 530 551 600 Tu,
571 531 636 588 clun
663 528 813 589 istiusmodi
835 522 1010 592 sermo-d‘l‘f·
1026 527 1054 575 ³1¹

60 628 114 669 nes
145 610 179 668 11
205 620 233 666 te
254 608 336 668 delati
357 609 392 667 de
413 625 461 665 me
482 606 567 677 sunt,
596 625 656 666 non
680 606 793 665 debuisti
818 608 939 669 credere.

63 686 93 745 si
108 698 202 745 autem
213 685 270 743 hoc
283 702 385 761 genere
400 683 559 752 delediaris,
579 696 610 742 ut
626 727 634 752 ,
653 700 718 759 quae
740 684 787 740 tibi
808 683 837 741 in
858 703 938 745 men-

62 774 123 821 tem
137 762 268 831 veniant,
288 762 344 819 aliis
359 763 502 818 attribuas:
542 777 608 818 enus
627 759 760 817 sermonis
780 759 884 819 inducis
907 764 936 823 in

62 839 215 897 amicitiam
230 836 346 895 minime
360 836 475 895 liberale.
515 776 576 911 ligo
597 836 617 895 fi
637 836 666 895 in
687 836 829 912 provincia
849 836 937 897 ‹letra-
947 852 1090 902 1111111111·

58 914 131 973 ’11111
146 914 181 972 de
195 926 243 971 tua
258 914 332 971 samu
347 930 481 990 umquam
497 911 672 988 cogitassem,
692 925 722 965 70
731 931 789 971 non
804 912 837 970 11
851 931 936 989 gene-

62 1008 129 1049 rum
141 1002 223 1049 tuum
238 988 408 1059 Lentulum,
428 989 567 1065 nequead
589 990 717 1046 libertum
730 991 833 1046 ltuum
848 990 935 1050 Brun·
944 974 962 1023 k
972 981 1087 1029 “fimf'‘

60 1068 125 1126 disii
142 1110 151 1137 ,
170 1083 263 1143 neque
277 1067 313 1124 11
325 1066 487 1141 ptaesesiurn
501 1065 609 1123 sabniin
624 1064 757 1143 Corcyrae
772 1109 780 1134 ‚
801 1085 886 1142 quem
906 1069 934 1126 in
944 1053 1076 1097 runrtuim,

60 1144 162 1204 locum
181 1160 228 1201 me
255 1143 350 1203 venire
371 1140 467 1203 ¹uelles
489 1185 498 1211 ‚
524 1138 679 1200 retulissem.
718 1145 813 1219 Quare
840 1137 1050 1281 mimmius

908 1241 941 1281 0,
995 1237 1002 1251 .

62 1386 106 1423 eat
117 1371 208 1424 sumtus
226 1374 319 1426 inutiles
334 1373 510 1440 imputarentur.
533 1388 568 1422 11.
581 1376 663 1439 Agrai.
676 1380 713 1423 26.
738 1375 779 1420 Hic
792 1388 841 1435 uper
855 1381 938 1434 omnis,

59 1452 148 1502 quoquo
162 1443 230 1502 pretio
245 1445 376 1494 eminuerit,
392 1452 461 1484 tannen
473 1442 541 1499 ingens
557 1438 713 1499 pecuniaoolis
723 1439 840 1487 inducetur.
856 1446 936 1489 1Ve1r.

62 1516 105 1559 41.
123 1506 238 1549 Pecuniam
250 1503 370 1565 grundem,
390 1501 567 1566 quemadmodum
583 1506 606 1548 in
623 1505 726 1548 rationem
740 1502 868 1551 inducerent.
881 1501 937 1555 infr.

63 1577 80 1611 e
96 1598 104 1611 .
119 1578 155 1612 10.
191 1568 333 1614 .s·'.Grentu.

79 1578 135 1678 Pop.
153 1566 201 1673 Nin
213 1631 275 1690 potui
293 1633 317 1675 in
334 1628 372 1674 isso
385 1626 460 1686 fitrntu
476 1643 517 1673 nun
536 1625 643 1686 neceffitrie
665 1628 765 1689 negligens
786 1628 846 1687 effa]
879 1632 939 1676 Non

67 1690 136 1751 ponti
152 1690 199 1738 elle
214 1688 289 1739 facilis
306 1705 333 1739 11
350 1688 451 1738 liberalis
462 1691 488 1737 in
504 1687 651 1737 decernendo
662 1688 708 1735 hoc
724 1687 815 1745 sumtu,
831 1689 878 1738 live
904 1702 940 1743 11-

64 1750 200 1809 mittendo,
217 1766 242 1801 ut
258 1752 339 1810 hunc,
360 1756 400 1815 qui
416 1754 517 1800 minime
533 1752 668 1799 necessarius
683 1749 737 1806 est,
760 1750 861 1800 sumtum
889 1754 941 1803 ac'e·

65 1826 127 1864 tent.
163 1818 273 1880 Negsirene
289 1814 328 1863 hic
342 1829 394 1862 rara
408 1817 434 1863 &
452 1812 567 1878 exquisita
578 1812 749 1887 fignificutione
770 1817 880 1879 accipitur
912 1832 941 1866 to

64 1876 197 1943 prodigum
213 1875 296 1927 effusus
306 1880 332 1925 in
344 1874 453 1933 sumtus,
469 1879 505 1924 cui
519 1890 645 1940 oppomtur
655 1878 762 1936 diligens,
780 1878 826 1925 hoc
842 1879 875 1926 est
891 1832 912 1926 tp

64 1939 145 2003 galis,
178 1956 250 1991 arcus.
268 1945 329 1990 Suet.
347 1938 417 1988 Galb.
425 1954 461 1998 14.
478 1942 520 1987 His
536 1940 620 1999 diverso
635 1941 742 1984 vitiorum
759 1955 831 2000 genere
843 1943 940 2002 “gruffun-

62 2004 151 2051 tiburi
179 2023 189 2051 o
201 2005 225 2065 se
242 2004 369 2052 abutendum
381 2004 476 2064 pennifit
492 2003 518 2053 ir
535 2002 649 2055 tradidit,
666 2014 689 2047 nt
699 2004 742 2046 vix
751 2002 795 2059 fili
809 2003 940 2064 111111111-

63 2078 99 2112 ret
115 2083 124 2111 .·
145 2068 207 2114 medo
221 2069 314 2115 acerbior
327 2069 469 2129 partimque,
490 2064 550 2111 mado
568 2062 668 2123 remiffiur
688 2079 713 2108 ae
726 2066 858 2125 negligentior
873 2084 940 2130 qnam

64 2134 188 2178 conveniret
199 2133 295 2193 principi
309 2130 391 2185 eserie,
407 2142 470 2191 atque
487 2129 549 2175 illius
565 2131 639 2176 erutis.
673 2126 734 2174 Sicut
745 2128 837 2174 acerbior
847 2126 885 2177 hic
896 2145 940 2195 op·

62 2192 163 2254 ponitur
179 2193 300 2254 remiffirr,
324 2190 357 2240 sic
371 2194 456 2254 parcior
470 2192 597 2255 opponitur
618 2191 758 2253 negiirenriur.
792 2195 884 2240 Horum
904 2196 940 2242 vi-

62 2255 155 2303 tiorum
176 2252 219 2303 sibi
236 2256 407 2304 contrariorum
425 2255 534 2318 exempla
551 2253 630 2302 statim
646 2251 735 2312 subjicit
752 2271 759 2309 ;
789 2256 939 2320 negligeneiae

63 2315 164 2380 quidem
178 2318 244 2382 quod
259 2332 273 2365 a
287 2316 411 2366 comitibus
424 2315 509 2365 donari
540 2319 608 2366 ratias
621 2351 629 2373 ,
644 2316 785 2380 vectigalia,
808 2320 832 2367 &
847 2321 937 2368 immu-

63 2381 152 2428 nitates
165 2379 284 2442 passussit.
301 2379 359 2428 lbid.
375 2395 425 2444 cup.
442 2331 598 2444 precedenti:
616 2382 732 2427 ordinaria
745 2381 935 2443 dispensatoribu-

64 2444 166 2490 viurium
178 2447 286 2490 rationum
301 2442 394 2554 ffirmri
407 2444 537 2507 paropfidem
551 2445 662 2505 leguminis
672 2456 711 2505 pro
725 2444 840 2503 sedulitate
855 2461 880 2491 ee
895 2447 933 2492 di-

63 2506 154 2567 ligentia
167 2506 284 2568 porrexisti.
319 2507 424 2571 ''gentia
433 2505 471 2555 hic
481 2504 514 2554 est
530 2504 652 2569 imparitas
664 2537 671 2560 ,
699 2504 860 2569 parsimonia,
876 2522 933 2571 pro-

62 2568 116 2631 ptia
129 2569 304 2633 patrisfamilias
320 2570 410 2626 virtus,
427 2571 468 2633 qui
483 2569 594 2630 diligentes.
608 2566 732 2624 dicuntur,
748 2568 794 2615 hoc
810 2569 843 2616 est
859 2568 929 2633 frugi.

62 2631 164 2681 Cic.1v.
182 2633 207 2679 in
217 2638 281 2680 Vett.
298 2634 407 2679 Diodorus
417 2635 475 2679 hema
488 2631 552 2692 frugi
566 2647 591 2678 ae
605 2633 713 2693 diligens,
735 2635 775 2695 qui
788 2632 831 2691 fua
843 2631 932 2690 servare

61 2694 137 2744 vellet.
155 2694 228 2744 Plaut.
240 2694 406 2758 Amphitru.
420 2711 440 2749 3.

93 2758 160 2816 'Redde
175 2759 258 2822 loquere
272 2759 299 2809 11·
312 2758 400 2819 proinde
414 2770 440 2803 ut
454 2758 576 2820 diligentem
587 2758 643 2804 decer
652 2772 745 2805 uxorem.
770 2758 880 2810 Gtaevius.

95 2835 134 2877 70.
151 2823 257 2867 Generum
272 2834 334 2867 tuum
348 2821 481 2878 Lentulum]
508 2827 566 2870 Tres
583 2820 653 2884 igitur
670 2820 759 2883 Appius
774 2834 872 2884 generos
888 2821 931 2870 ha·

62 2880 122 2932 buit.
140 2896 199 2931 111111
210 2881 240 2930 de
250 2881 340 2931 duobus
352 2885 399 2930 Cn.
412 2884 519 2946 Pompeii
533 2883 603 2939 filio,
625 2884 651 2930 &
670 2886 706 2931 M.
718 2887 806 2940 Bruto,
826 2887 932 2934 mentio·

61 2950 121 2992 nem
136 2943 194 2995 secit
215 2946 278 3010 epist.
291 2965 314 3005 4.
341 2945 432 2993 Retulit
455 2960 535 2994 autem
554 2944 655 2995 adeum
679 2949 770 2994 Rome.
802 2946 845 2996 Sed
871 2947 931 2997 mihi

31 3043 35 3047 .
62 3003 179 3071 suspestus
190 3008 257 3057 locus
267 3007 307 3059 est.
324 3022 364 3055 cut
372 3008 437 3056 enim
450 3008 480 3057 ad
491 3009 554 3057 hunc
562 3010 639 3074 potius
651 3010 729 3057 retulit
741 3044 748 3066 ,
764 3011 805 3073 qui
816 3008 933 3073 nusquam

61 3082 174 3132 preterea
184 3075 338 3128 nominatio,
372 3086 428 3119 uam
439 3071 469 3119 11
480 3072 583 3137 reliquos
599 3086 697 3137 generos
710 3076 717 3120 1
740 3084 809 3137 auget
824 3071 935 3136 suspicio·-

60 3146 122 3180 nem
132 3130 239 3183 diss'ensio
249 3087 496 3183 veterumitbtorum:
514 3150 571 3183 nam
586 3135 681 3183 Lentuli
695 3138 843 3184 mentionem
876 3135 932 3183 leti·

61 3209 110 3267 que
120 3210 172 3244 non
182 3196 276 3247 hubent.
294 3202 319 3246 P.
328 3200 414 3246 Manat.
448 3204 496 3245 Non
505 3201 534 3244 ud
539 3214 639 3259 generum
648 3212 710 3245 aurun
721 3200 845 3256 Lentulum]
860 3149 932 3247 5sums

61 3256 121 3308 liber
130 3274 185 3307 uon
197 3260 266 3310 habet
278 3262 394 3309 Lentulum
406 3278 414 3307 :
432 3263 456 3309 δι
468 3274 530 3308 cene
544 3258 676 3324 potestesse
692 3257 813 3324 glossema.
829 3263 929 3319 1111111.

61 3326 112 3367 Non
130 3324 160 3369 ad
175 3337 275 3383 generum
290 3337 351 3370 tuum
372 3324 471 3371 sibertum
491 3325 625 3381 mundasti]
649 3324 684 3369 sic
700 3327 748 3372 Ms.
771 3321 865 3373 Videtur
881 3326 929 3391 leg.

59 3399 102 3430 nen
119 3386 148 3431 ad
162 3389 269 3433 Phaniam
284 3399 347 3433 tuum
357 3388 458 3434 sibertum
475 3386 601 3444 Brundisi,
618 3384 683 3448 supra
693 3401 728 3449 ep.
742 3392 763 3436 6.
786 3390 852 3436 Nam
866 3392 930 3435 Len-

58 3447 124 3495 tulus
133 3446 175 3497 ille
200 3464 256 3497 ener
269 3450 340 3513 Appii
352 3447 467 3513 nusquam
478 3449 533 3498 alibi
546 3462 752 3499 commemoratu.
772 3449 827 3498 Vide
838 3454 863 3500 &
875 3454 931 3498 Mt·

59 3512 161 3563 1111111.
184 3464 211 3572 i
222 3516 249 3562 F.
260 3514 356 3562 Gronau.
388 3512 507 3564 Assentior
521 3511 613 3562 Ursino.
646 3515 712 3560 Num
731 3528 776 3562 nec
796 3515 844 3562 mei
864 3514 930 3623 psSS.

803 3585 932 3640 agnorunt
