2272 4020
272 252 748 329 Linrrsirms.
880 282 942 349 3¹9

67 364 120 434 riifi
134 382 219 453 quam
233 375 267 434 ab
286 373 341 450 ipsa
360 375 522 452 republica,
541 374 605 433 clun
626 375 672 433 hie
697 376 778 435 ardor
799 376 940 436 festinem

69 448 155 521 esset,
174 451 271 529 sperari
285 464 415 527 oportere
430 452 578 511 censerem.
617 452 773 511 Recordare
787 466 845 513 ruas
866 454 938 512 litte·

68 544 135 598 ras,
155 530 252 605 quibus
271 530 301 588 &
320 544 455 605 magnum
474 531 600 589 animum
627 530 697 588 mihi
723 529 829 605 semper
847 529 938 588 osten-

67 602 146 674 disti,
167 607 198 664 &
215 606 251 665 ad
269 623 368 664 omnes
388 606 461 664 casus
480 606 608 665 ferendos
633 606 806 665 constantem
831 624 864 664 ac
891 624 939 681 pa-

67 692 161 739 ratum
176 702 185 739 r
204 682 282 759 quod
296 701 350 757 ego
364 700 423 741 non
436 682 569 753 mirabar,
589 680 654 740 curn
668 682 841 752 recordarer,
859 694 889 739 te
909 686 941 741 de

67 753 85 813 ir
99 758 195 832 primis
208 759 379 833 temporibus
393 760 479 816 aetatis
499 760 528 818 in
549 759 684 834 republica
706 755 759 817 elle
779 761 939 828 versatum,

67 832 99 889 ἃ
120 846 184 893 tuos
211 836 378 911 magistratus
398 837 427 893 in
450 834 503 909 ipsa
531 835 683 893 discrimina
702 833 824 895 incidisse
851 836 939 893 salutis

65 909 298 988 fortunarumque
319 913 529 970 communium:
550 913 629 969 &in
650 913 705 970 hoc
726 912 812 987 ipsum
835 912 936 970 bellum

65 984 121 1043 elle
149 986 320 1062 ingressum,
339 1007 399 1047 non
425 986 512 1045 sollon
547 989 586 1047 uri
606 988 718 1058 vidior,
746 990 862 1055 bearus;
888 988 950 1067 sed,

64 1050 166 1120 letiam
187 1078 218 1123 ut
238 1064 259 1122 fi
276 1066 315 1123 ira
335 1060 471 1123 accidisset
492 1107 500 1133 ,
526 1066 637 1132 rietus,
657 1067 709 1122 kut
728 1064 831 1138 sapiens
859 1058 1082 1164 elsesstsfllld‘sslffl·

62 1136 177 1198 Deinde
192 1183 201 1210 ,
221 1141 285 1199 clim
300 1140 417 1199 studium
430 1154 512 1198 tuum
525 1141 669 1198 consumas
690 1142 718 1198 in
739 1146 862 1199 virorum
876 1134 958 1229 for-p}
973 1128 1074 1231 &lgm

62 1213 137 1273 tium
157 1216 235 1275 fadlis
263 1219 408 1275 memoriae
435 1216 604 1292 prodendis,
625 1217 794 1276 confiderem
827 1217 932 1288 debes,
1071 1212 1080 1230 ⁴

60 1290 134 1350 nihil
145 1293 195 1350 tibi
210 1291 263 1352 elle
271 1293 523 1362 committendum,
542 1293 724 1368 quamobrem
738 1312 836 1352 eorum
846 1338 854 1363 ‚
863 1313 933 1371 quos

59 1364 155 1426 laudas
170 1408 179 1438 ,
199 1378 264 1428 77te
278 1389 336 1429 non
351 1371 518 1428 simillimum
534 1370 659 1443 praebeas.
700 1371 754 1428 Sed
767 1371 828 1427 hz-ec
843 1373 932 1430 orario

61 1445 152 1519 magis
174 1442 239 1504 esset
258 1460 321 1521 apta
342 1446 376 1504 ad
396 1447 439 1504 illa
457 1458 608 1520 tempora,
635 1464 698 1521 quae
724 1448 785 1522 jam
808 1446 931 1522 effugisti.

60 1520 150 1578 Nunc
164 1521 233 1580 verb
247 1534 355 1583 tantun
369 1535 397 1580 re
417 1540 480 1596 para
501 1522 535 1580 ad
554 1523 616 1580 haee
636 1523 778 1581 nobiscum
800 1524 929 1582 serenda:

59 1596 161 1671 quibus
175 1616 228 1673 ego
243 1598 262 1656 ss
277 1617 360 1675 quam
375 1598 543 1657 medicinam
556 1600 710 1657 invenirem
726 1643 734 1668 ,
754 1600 802 1657 ribi
816 1619 931 1678 quoque
982 1632 985 1637 ·
1071 1632 1074 1637 ·

58 1672 181 1731 eandem
195 1676 339 1733 traderem.
379 1673 432 1731 Sed
446 1675 483 1732 est
501 1693 590 1732 unum
605 1677 760 1751 perfugium
778 1718 786 1745 ‚
807 1677 930 1737 domina

58 1764 94 1806 ac
106 1748 223 1819 litterae,
244 1752 339 1826 quibus
352 1750 458 1825 semper
471 1750 510 1809 usr
530 1751 642 1808 sumus:
663 1768 727 1826 quae
746 1753 868 1811 secundis
888 1771 932 1810 re·

58 1824 111 1881 bus
146 1825 358 1885 deledlationem
392 1826 480 1885 modi>
513 1827 612 1884 habere
652 1828 834 1895 videbantur;
855 1846 929 1887 nunc

59 1898 132 1957 vero
161 1904 245 1961 etiam
271 1903 391 1962 salutem.
431 1903 508 1972 Sed,
541 1916 572 1959 ut
598 1902 633 1960 ad
658 1905 766 1961 initium
793 1918 929 1974 revertar,

59 1992 132 2035 cave
163 1978 292 2048 dubites,
318 1980 386 2056 quin
412 1983 507 2040 omnia
533 1979 568 2038 de
594 1979 676 2037 salute
702 1997 733 2036 ae
766 1980 855 2039 reditu
880 1992 930 2039 tuo

58 2053 185 2128 perfeda
204 2054 264 2114 sint.
972 2031 997 2079 1‘,
1008 2030 1077 2082 ω’

303 2212 565 2259 EPISTOLA
597 2212 672 2259 xm.

87 2334 178 2383 ΛΜΞ.
211 2340 264 2383 Bene
273 2336 357 2400 sperm
373 2330 487 2400 Ligarium
497 2336 572 2397 jeder:
588 2338 687 2382 irritatur
701 2346 726 2382 ue
742 2347 768 2383 ur
784 2338 864 2385 interra
876 2336 928 2397 for*

55 2409 99 2443 rm
108 2400 299 2449 animumhabeat.
334 2404 418 2464 Scripta
436 2398 520 2463 estpost
535 2351 785 2457 Africanumlellum,
801 2396 928 2457 eodemfere
991 2408 997 2419 ¹

54 2471 164 2521 tempure,
180 2478 221 2525 quo
237 2462 399 2510 M'Marcerrus
410 2460 520 2525 restitutur
530 2463 564 2513 esi.
583 2462 640 2524 quod
650 2463 780 2525 intelligitur
797 2480 823 2508 ex
834 2466 927 2509 oratione

51 2530 94 2585 pro
105 2524 149 2583 ipso
168 2526 260 2581 habita,
276 2541 320 2588 qua
335 2527 407 2587 exstat.
441 2528 560 2582 [A.V,c.
577 2526 711 2584 nccvll]
732 2528 801 2573 Hane
815 2524 925 2588 precellit

54 2596 94 2649 ep.
102 2594 127 2643 7.
143 2586 184 2637 lib.
192 2602 226 2637 ιι.
243 2586 344 2652 sequitur
355 2598 436 2653 epero.
454 2586 595 2650 hujuslibri.

193 2726 435 2788 CICERO
473 2722 787 2787 ¹LIGARlO.

52 2859 175 2979 ETsr
192 2866 242 2953 ¹tali
259 2879 311 2954 ruo
332 2878 458 2953 tempore
479 2884 525 2923 me
546 2878 593 2925 aut
613 2865 795 2952 consolandi,
814 2874 862 2923 aut
877 2865 924 2941 ju-

115 2943 199 3002 vandi
226 2956 266 3001 nu
294 2942 383 3038 causa¹
395 2943 507 3002 scribere
528 2943 563 3002 ad
583 2955 612 3000 te
632 2942 734 3019 ahquid
755 2958 805 3017 pro
833 2942 925 3028 nostra

533 3050 536 3055 ,
854 3037 923 3076 amr-

55 3238 66 3251 ,
84 3208 125 3256 77.
140 3200 171 3246 Te
179 3210 220 3245 non
225 3196 367 3257 simillimum
372 3195 479 3259 [πνεῖται]
508 3194 631 3245 Unanimo
642 3192 754 3245 consensu
764 3195 825 3243 hane
836 3193 921 3242 ledio-

47 3270 112 3313 nem
135 3261 241 3336 praellant
263 3261 319 3312 Pall.
342 3276 376 3324 pr.
397 3271 450 3310 tert.
474 3262 541 3307 Grut.
564 3261 638 3307 vatic.
661 3258 734 3308 editio
761 3260 868 3331 princeps
893 3271 923 3305 ac

49 3324 160 3375 Vidoni.
192 3323 320 3373 Lambinus
335 3337 435 3379 tamen,
451 3329 482 3371 ne'
498 3320 558 3369 nihil
574 3320 626 3385 post
641 3320 772 3370 violonurn
787 3336 845 3370 novi
856 3318 923 3369 addi*

48 3384 111 3437 disse
126 3398 218 3452 putetur
228 3422 235 3444 ,
251 3388 308 3450 legit
320 3422 327 3444 ,
343 3401 363 3433 re
373 3404 413 3433 non
423 3386 636 3450 quamfimillimum
642 3386 739 3445 prebeas.
757 3398 830 3448 quarn
839 3386 923 3432 samen

48 3450 125 3500 video
139 3449 270 3562 exstarphin
284 3465 306 3501 v.
319 3462 340 3500 e.
351 3463 376 3498 ut
393 3448 467 3498 hicei
481 3446 609 3512 ignoscam
632 3445 706 3512 vulgi)
719 3478 727 3503 ,
742 3464 783 3493 non
797 3460 818 3493 te
827 3448 925 3504 fimilem

64 3516 146 3563 rebeus.
172 3517 210 3562 Ge
243 3547 249 3563 .

45 3526 63 3633 ‚t
85 3586 124 3636 7⁸·
140 3579 243 3643 Qorum
257 3577 344 3641 quidem
353 3578 411 3637 dn]
442 3578 533 3629 Veneta
541 3572 651 3637 exempla
665 3576 727 3639 [qua
742 3571 785 3624 alil
799 3570 879 3638 pallea
879 3568 928 3681 ‘sled
