2272 4020
210 169 272 236 130
307 144 451 213 Error.
472 157 530 209 nn
552 138 726 232 Arnon
746 139 998 209 Porcnnon
1103 166 1106 179 ·

63 276 153 327 nm,
208 256 297 317 tutas
310 257 422 333 accepi,
441 270 506 333 quae
520 272 568 313 me
581 253 732 322 docerent,
751 253 819 329 quid
838 270 931 329 ageres
947 296 956 324 ,
975 264 1023 313 aut
1036 253 1090 315 ubi·

64 342 115 391 alii.

211 346 241 393 te
262 332 364 393 vistuus
385 332 477 391 erlem.
517 332 614 407 Itaque
634 331 726 389 virum
753 333 880 400 fortem,
908 331 1035 408 mihique
1054 330 1087 391 in

211 410 306 487 primis
326 411 497 487 probatum,
516 408 700 477 Antonium,
719 408 922 483 upraefectum
949 419 1088 468 evocato·

213 502 277 547 rum
293 527 303 557 ,
321 486 382 546 misr
395 486 430 545 ad
442 498 490 555 te,
509 486 571 555 cui,
591 481 611 541 st
629 484 680 542 tibi
698 483 862 553 videretur,
882 484 1013 544 cohortes
1031 496 1088 544 tra·

213 563 292 624 detes
307 584 315 622 :
334 575 390 633 ut,
416 563 485 623 du'm
503 573 614 636 tempus
633 561 699 619 anni
718 556 785 619 eiset
804 560 964 631 idoneum,
983 561 1091 638 aliquid

140 666 144 673 ·
215 641 322 715 negotii
341 654 436 715 gerere
461 636 576 714 poffem.
614 637 648 695 In
668 654 743 713 quo,
761 648 813 695 tuo
839 637 955 698 contilio
981 650 1013 696 ut
1039 656 1090 697 me

212 717 348 793 sperarem
370 712 423 775 effe
449 714 585 784 usinum,
605 714 635 771 ὃ(
660 714 780 773 amicitia
805 713 921 785 nostra,
940 716 970 773 &
988 716 1090 775 litterae

214 806 273 888 tuae
286 795 422 851 fecerant:
443 790 570 879 quodne
583 807 659 876 nunc
673 790 789 867 quidem
802 789 925 925 defpero.
958 790 1013 849 Sed
1022 792 1091 879 pla·

217 889 271 941 ne,
291 869 421 946 quando,
441 880 488 926 aut
502 867 549 926 ubr
568 879 597 924 te
612 864 713 924 vrsurus
725 866 857 937 srm,‚nr1
870 867 906 927 ad
920 886 967 927 me
979 868 1092 944 scripse-

69 961 136 1013 rme
160 958 195 1008 ut*
218 949 269 1017 ris,
288 965 325 1006 ne
350 944 474 1021 suspicari
500 944 614 1020 quidem
641 940 757 1017 polium.
796 943 884 1018 Ego,
902 956 934 1003 ut
958 944 1022 1003 ¹me
1040 946 1092 1004 tibi

71 1022 157 1073 demti
172 1024 182 1071 i
219 1023 412 1097 amiciffimum
426 1017 498 1089 effe,
519 1022 549 1079 δι
562 1018 653 1095 aequi,
673 1020 802 1099 &iniqui
816 1020 992 1099 intelligant,
1012 1036 1089 1081 cura-

72 1091 126 1137 MS·
219 1100 265 1159 bo.
304 1100 350 1157 De
365 1111 416 1157 tuo
428 1099 518 1156 inme
531 1097 626 1154 animo
643 1096 744 1173 iniquis
765 1098 840 1155 secus
862 1098 1036 1157 existimandi
1047 1097 1093 1157 vi·

87 1152 212 1204 mlxxv.
221 1176 292 1236 deris
304 1174 432 1233 nonnihil
442 1174 500 1233 loci
514 1170 624 1231 dediffe.
650 1172 679 1233 id
692 1172 713 1231 fi
732 1173 883 1232 correxeris
899 1217 908 1245 ,
925 1174 997 1233 mihi
1010 1174 1093 1233 valde

267 1265 329 1311 tum
347 1252 407 1309 erit.
443 1250 498 1320 Et,
516 1260 548 1307 ut
571 1260 603 1307 tu
630 1249 730 1309 habere
750 1250 887 1309 tationem
908 1251 1014 1328 poffrs,
1032 1268 1098 1328 quo

220 1272 288 1391 idio
303 1346 350 1388 me
366 1370 375 1397 ,
393 1324 465 1387 salva
488 1325 551 1400 lege
572 1324 725 1397 Cornelia,
745 1328 921 1397 convenias,
946 1339 972 1383 4¹
982 1345 1038 1405 ego
1061 1329 1096 1389 in

222 1404 397 1485 provinciam
410 1403 477 1462 veni
489 1402 577 1479 pridie
596 1402 649 1461 kal.
661 1402 733 1461 Sext.
754 1404 809 1461 Iter
824 1403 854 1461 in
868 1403 995 1463 Ciliciam
1017 1404 1095 1465 facio

222 1500 273 1560 per
286 1479 500 1555 Cappadociam.
520 1479 603 1539 castra
614 1480 694 1539 movi
705 1479 738 1538 ab
749 1480 850 1539 Iconio
864 1480 951 1555 pridie
963 1479 1095 1540 kalendar

223 1560 297 1633 Sept.
318 1556 403 1614 Nunc
422 1567 454 1614 tu
478 1558 508 1614 &
529 1574 564 1615 ex
578 1554 695 1625 diebuS,
716 1557 745 1613 &
759 1574 794 1613 ex
807 1557 914 1614 ratione
927 1556 1054 1627 itineris,
1072 1556 1096 1615 fi

222 1633 327 1711 putabis
339 1650 386 1690 me
404 1629 457 1691 effe
466 1629 710 1701 conveniendum,
730 1632 893 1702 constitues,
912 1651 971 1710 quo
983 1632 1052 1695 loco
1064 1634 1097 1699 id

224 1707 449 1771 commodiffirne
462 1708 522 1771 fieri
534 1708 639 1787 poffit,
658 1710 688 1766 ὃ(
701 1725 759 1785 quo
772 1708 826 1768 die.
844 1708 925 1769 Vale.

482 1897 503 1943 E
519 1895 535 1942 P
550 1895 562 1941 1
577 1895 591 1943 S
607 1896 628 1943 T
645 1892 668 1939 0
684 1893 705 1941 1.
720 1892 744 1941 A
774 1894 838 1943 vm

259 2021 348 2071 Ano.
381 2018 500 2086 Qerelam
514 2020 589 2082 Appii
605 2016 706 2077 refillit3
726 2031 839 2082 contraque
858 2016 900 2081 ipse
919 2021 1046 2083 queritur,
1069 2021 1099 2075 ὸ·

226 2086 313 2133 extollit
329 2088 435 2133 virtutem
449 2094 521 2129 contra
537 2086 621 2129 {tranem
637 2084 783 2145 arrogantiam
798 2081 917 2129 nobilitatis
932 2101 940 2139 ;
952 2085 977 2145 se
990 2098 1063 2133 tamen
1078 2088 1099 2133 ei

221 2150 271 2209 fore
281 2146 429 2208 amiciffimum
440 2144 557 2205 confirmat.
574 2147 615 2198 [Α.
622 2148 650 2193 V.
659 2149 689 2195 C.
702 2148 828 2204 occur]
838 2145 1024 2210 Hancptaeceffit
1031 2162 1099 2213 ομ.

228 2208 356 2261 Libum.
372 2205 475 2272 sequitur
483 2221 564 2271 epra.
581 2206 633 2256 Lib.
640 2220 679 2258 xv.

356 2349 400 2407 M.
419 2346 459 2407 T.
479 2346 513 2407 C.
534 2346 648 2407 APPIO
668 2346 863 2408 PULCHRO
883 2348 909 2408 S.
928 2348 968 2409 D.

272 2488 445 2547 Lonrnuo
471 2487 560 2547 verbis
585 2486 620 2547 ad
645 2500 674 2547 te
698 2486 838 2559 scribam,
857 2486 923 2548 cum
955 2489 1016 2566 plus
1049 2492 1101 2553 otii

285 2566 381 2626 nactus
394 2582 452 2625 ero.
490 2566 566 2627 Haec
585 2565 674 2641 scripfi
693 2564 806 2637 subito,
826 2564 891 2627 ciun
916 2566 995 2627 Bruti
1023 2588 1103 2707 ffirr

261 2796 301 2843 40.
317 2780 442 2841 Prafel'ium
457 2784 618 2841 moratorum]
648 2780 739 2832 Milites
753 2797 820 2834 erant
840 2782 951 2841 emeriti,
974 2782 1053 2836 subito
1071 2798 1101 2835 e!

179 2844 182 2853 '
229 2846 294 2908 agria
307 2845 334 2892 in
349 2846 460 2894 militiam
481 2849 592 2897 evocatit
608 2860 669 2909 quos
690 2848 775 2897 Cicero
790 2864 819 2896 ex
841 2853 862 2898 S.
879 2851 909 2896 C.
933 2847 959 2894 in
979 2852 1101 2913 provincie

230 2920 394 2957 contraxerat:
410 2922 435 2957 ut
448 2910 511 2974 epist.
524 2930 548 2971 4.
563 2908 626 2956 libro
641 2908 827 2976 decimoquinto.
862 2906 999 2961 Crastinum
1017 2924 1101 2962 eroon·
1135 2901 1136 2932 ss

165 2988 167 2993 ⁸
228 2981 282 3017 tum
291 2971 317 3017 in
326 2973 403 3036 prima
412 2974 461 3021 acie
471 2983 554 3022 contra
563 2975 721 3035 Pompeianos
732 2989 905 3039 procurrentem
922 2977 1036 3025 nominat
1049 2980 1101 3025 Οτι

228 3028 264 3081 sar
274 3032 378 3084 Lib.111.
395 3032 441 3086 bel.
453 3038 506 3085 Civ.
528 3041 646 3084 evocatos
663 3038 736 3084 etiarn
751 3040 869 3087 Antonius
885 3038 966 3087 habuit
983 3041 1011 3088 in
1028 3040 1101 3089 mui-

129 3112 133 3119 ·
230 3093 296 3142 nenfi
308 3100 452 3154 certamine,
473 3098 538 3163 epist.
551 3115 587 3153 30·
610 3097 651 3147 lib.
664 3115 686 3149 x.
710 3102 736 3148 δι
749 3100 910 3159 ottavianus,
931 3103 982 3151 Dio
998 3100 1053 3155 Lib.
1063 3118 1100 3163 45.

231 3160 259 3209 P.
270 3162 357 3210 mour.
391 3165 483 3209 Evocati
497 3173 563 3210 erant
573 3161 665 3210 emeriti
675 3163 808 3210 maximam
817 3177 926 3227 parterm,
942 3167 985 3229 qui
1001 3180 1033 3214 ert
1050 3166 1101 3215 lau

232 3219 350 3285 stipendiis
365 3224 392 3272 in
407 3224 508 3289 gratiam
524 3231 615 3273 Ducum
635 3238 674 3273 aut
698 3224 829 3273 contulum
844 3226 955 3274 militiam
971 3225 1024 3277 sum

233 3285 261 3332 ἃ
281 3298 306 3333 ut
333 3288 414 3335 audior
440 3286 473 3334 est
495 3290 568 3344 Dio,
600 3288 659 3337 vites
686 3287 757 3335 instar
781 3288 955 3337 centurionum
980 3291 1099 3355 gerebam.

232 3360 299 3395 erant
328 3351 445 3397 nnmunes
473 3365 572 3414 operum
600 3353 626 3400 δε
654 3352 769 3400 munium.
791 3351 820 3398 iis
846 3366 941 3415 praerat
970 3355 1101 3414 Fufidius.

231 3409 368 3522 rcritmevxiulpoc
381 3412 438 3462 loco
453 3426 555 3477 apparet.
572 3413 619 3465 vid.
636 3412 698 3479 Lips.
713 3411 745 3464 de
759 3415 833 3463 Milit.
850 3420 925 3465 Rom.
931 3414 973 3466 lib.
983 3432 1005 3468 1.
1016 3416 1101 3469 dim.

1008 3560 1047 3607 41·
1064 3546 1104 3606 ft·
