2272 4020
219 165 281 237 304
325 144 436 220 Errsr·
457 167 508 216 nu
528 146 783 232 Touounruu,
805 166 848 216 rr
868 156 1028 223 curratis

216 275 334 325 tuarum.
372 265 507 335 Accedit,
546 264 605 324 ubd
618 262 733 324 mirifice
746 264 861 339 ingeniis
875 267 1089 343 excellentibus}

215 342 297 424 quale
318 343 355 401 est
377 356 475 413 tuum,
495 283 652 403 deledlatutr
678 351 810 416 praeterea
831 341 904 400 cedit
933 345 1087 407 multorum

63 414 153 493 iiustss
215 418 303 477 l'ullis
324 422 354 478 dc
375 420 469 479 officio
491 417 629 489 incensis,
662 435 721 476 non
742 416 866 476 inanibus
885 430 933 477 aut
960 423 1088 483 ambitio-

62 482 167 558 prgcrbur
215 435 264 564 lis,
285 497 476 556 voluntatibus.
516 496 548 554 In
562 513 620 573 quo
634 495 815 554 vehementer
829 513 894 554 eunt
913 497 1087 560 consentiens

62 548 112 596 ‘'¹¹''
216 570 323 631 Etruria
338 573 470 632 movebit.
510 573 567 631 Cur
587 573 649 631 haec
669 571 751 646 igitur
771 571 861 629 adhuc
882 590 981 648 parum
996 577 1088 650 prose·

215 661 313 708 cerunt
327 648 340 707 ἓ
361 653 435 726 Quia
449 668 508 708 non
522 660 599 724 putat
611 648 638 707 se
652 646 777 706 munere
790 647 878 706 causas
912 646 970 707 offe
984 652 1088 712 multo-

215 740 305 796 rum,
324 725 344 785 fi
363 727 435 797 tibi,
456 728 501 784 cui
510 724 604 801 justius
618 724 725 782 videtur
745 722 820 781 irasci
833 742 870 799 po
892 743 925 795 e,
945 726 1087 789 concessor

216 801 258 859 rit.
296 805 371 936 (puae
393 800 554 877 elligitur,
574 802 704 877 inquies,
724 799 780 874 spes
801 799 835 858 ab
854 800 952 860 irato?
974 804 1084 867 Eodem

216 877 296 936 sonte
321 879 507 937 ehausturum
526 877 651 953 intelligit
663 875 755 932 laudes
768 874 844 949 suas,
864 875 879 935 ὲ
900 897 960 955 quo
982 879 1014 939 srt
1028 881 1083 941 ¹‘le-

215 954 286 1012 vitet
306 954 446 1030 adspersus.
485 952 626 1013 Postremo
647 953 738 1010 homo
751 951 845 1010 ¹valde
865 952 903 1011 est
922 968 1038 1027 acutus,
1057 960 1083 1018 dr

214 1031 334 1089 multum
361 1033 516 1106 providens,
548 1029 634 1089 intelli
654 1029 696 1099 't,
721 1039 773 1097 te,
792 1029 940 1089 hominem
960 1033 991 1091 in
1011 1046 1080 1109 parte

109 1102 117 1120 ⁰
214 1106 301 1164 Italiae
321 1107 438 1166 minime
460 1120 666 1167 contemnent
698 1103 778 1162 facite
806 1107 935 1165 omnium
958 1110 1080 1171 nobiliffi⁶

214 1198 319 1253 mum,
341 1186 371 1243 ὃ(
396 1185 425 1243 in
451 1185 596 1244 communi
624 1180 784 1256 republica,
804 1183 890 1241 cuivis
908 1183 1077 1247 summorum

181 1290 183 1297 ι
214 1268 272 1317 tuae
294 1262 403 1330 aetatis,
423 1262 468 1320 vel
488 1263 625 1337 ingenis,
645 1258 690 1315 vel
709 1258 810 1332 gratia,
830 1259 875 1317 vel
894 1260 970 1319 fama
990 1264 1077 1399 populi

215 1335 338 1395 Romani
353 1355 472 1412 parem,
493 1336 587 1396 arnon
606 1330 681 1411 posse
701 1334 846 1408 prohibere
865 1338 1007 1411 republica
1043 1342 1077 1399 ἰιι

212 1412 273 1471 tius.
312 1414 408 1472 Nollet
439 1416 494 1474 boc
513 1413 646 1489 temporis
671 1408 760 1489 pontu
786 1407 840 1468 effe
866 1412 1017 1489 aliquando
1033 1417 1075 1476 be-·

212 1487 368 1560 neficium,
395 1490 480 1567 quim
503 1491 562 1566 jam
589 1489 675 1547 suum.
714 1484 781 1544 Diri
808 1487 842 1546 de
870 1489 988 1550 Caesare·
1007 1507 1073 1553 nunt

211 1562 304 1637 dicam
323 1566 358 1624 de
384 1579 548 1643 tempotum
570 1566 717 1640 rerumque
736 1574 839 1622 natura.
860 1565 958 1627 Nemo
974 1569 1012 1629 eli
1024 1583 1071 1629 tam

211 1637 339 1701 inimicus
353 1645 378 1701 ei
393 1645 496 1715 causae,
516 1662 599 1721 quam
613 1639 781 1714 PompejuS,
798 1651 827 1695 40
836 1643 973 1703 animatus
988 1644 1073 1705 meliis

212 1715 298 1792 quim
318 1731 447 1794 paratus,
466 1721 637 1796 susceperat,
665 1716 714 1791 qui
731 1732 783 1774 nos
803 1719 889 1777 malos
910 1722 988 1779 cives
1007 1723 1072 1782 dice·

211 1809 242 1851 re
272 1807 319 1853 aut
344 1797 472 1856 homines
497 1798 638 1872 improbos
663 1790 770 1852 audeat.
810 1792 841 1852 In
862 1814 921 1871 quo
954 1798 1074 1859 admirari

210 1867 286 1929 soleo
305 1875 467 1947 grauitatem
482 1918 490 1943 ,
512 1876 541 1932 &
556 1872 712 1952 justitiam,
730 1869 761 1925 dc
779 1869 938 1945 sapientiam
960 1870 1073 1935 Caesaris·

62 1939 147 2011 arqui
210 1948 410 2025 mnumquam,
429 1951 478 2009 nist
496 1944 785 2017 honorificentissime,
804 1944 975 2025 Pompeium
990 1952 1074 2027 appel·
1112 1976 1115 1981 ·

63 2017 137 2068 ΜΨ
150 2004 200 2053 ‘²5¹⁴‘
209 2022 254 2082 lat.
293 2027 334 2084 At
352 2028 381 2084 in
401 2029 457 2101 ejus
465 2027 618 2162 personam
640 2018 725 2081 multa
745 2024 811 2081 fecit
829 2024 952 2099 asperius,
973 2028 1073 2087 Armo-

212 2110 275 2158 rum
293 2102 338 2159 ista
360 2104 389 2160 &
409 2103 465 2161 viel
485 2105 533 2162 riae
554 2103 613 2160 sunt
628 2098 715 2167 fadla,
736 2118 793 2157 non
808 2100 927 2161 Caesaris.
968 2104 1011 2163 At
1029 2120 1073 2164 nos

211 2179 452 2251 quemadmodum
467 2181 503 2237 etl
518 2179 678 2253 complexus
694 2174 705 2231 ἔ
725 2187 751 2229 4¹
763 2176 883 2235 Caffium
897 2178 946 2237 sibi
960 2180 1073 2258 legavitt

211 2252 326 2311 Brutum
347 2255 443 2313 Galliae
463 2256 602 2330 praefecit:
623 2252 773 2327 Sulpicium
793 2255 936 2315 Graeciae:
956 2250 1088 2331 Marcel'

209 2328 286 2402 lum,
301 2332 351 2418 cui
364 2331 485 2392 maxime
498 2330 685 2398 succensebat,
706 2346 771 2389 cum
784 2329 891 2391 summa
904 2332 977 2392 illius
991 2334 1073 2411 digni·

240 2557 277 2604 38.
293 2549 446 2613 Qeretlarum
456 2557 561 2609 tuarum]
576 2549 719 2614 Querebatur
732 2547 762 2597 de
777 2547 816 2598 sua
830 2540 982 2608 calamitate,
1000 2548 1073 2600 casa

207 2625 258 2659 rem
268 2611 379 2663 laudabat
388 2616 478 2677 potius,
494 2628 567 2677 quam
578 2613 702 2663 recursabat.
720 2627 778 2660 nam
788 2612 826 2661 hic
836 2628 886 2659 non
896 2617 962 2677 prior
975 2617 1073 2664 caecire

206 2674 279 2733 libet,
296 2691 367 2740 quem
377 2678 563 2736 criun'nofiffimum
573 2691 643 2726 vocat
655 2677 794 2733 Suetonius,
809 2688 891 2723 verum
909 2677 969 2724 alter
986 2674 1072 2743 signifi·

207 2750 290 2796 catut,
306 2740 335 2788 de
347 2754 396 2802 quo
406 2744 431 2790 in
441 2739 539 2804 epistola
548 2739 674 2805 superiore,
691 2743 716 2788 ἃ
727 2741 751 2786 in
762 2752 806 2794 ea,
823 2753 873 2801 quae
892 2738 946 2802 posi
964 2738 1027 2788 banc
1038 2740 1070 2787 le·

208 2801 287 2864 gitu13
310 2805 336 2852 in
356 2816 403 2866 qua
419 2816 510 2866 partem
526 2804 609 2852 hanam
628 2803 784 2868 querellartun
799 2802 854 2849 hcet
875 2801 1070 2852 animadvertere.-
1113 2814 1115 2829 ¹

203 2868 229 2912 Ρ.
242 2869 329 2915 Marus.
1107 2864 1115 2877 ''

239 2944 275 2983 39·
292 2938 339 2977 Non
347 2929 400 2990 poffr
410 2931 516 2991 prohibere
525 2930 603 2978 republ.
614 2931 717 2985 diarius]
734 2930 769 2976 sic
779 2925 811 2975 est
822 2927 848 2974 iu
859 2926 905 2977 Pal.
919 2928 990 2992 prim.
1004 2932 1067 2977 Gru.-
1112 2884 1115 2949 Ι

206 2994 260 3041 vat.
268 2992 371 3041 editione
378 2993 481 3041 visioni.
488 2991 615 3040 Lambinus
629 3008 658 3040 ne
669 3007 720 3040 non
729 2986 789 3038 nihil
800 3003 897 3038 novaret
906 2992 1015 3053 prohiberi
1024 2988 1068 3039 edi⁴
1111 3008 1115 3037 .-

204 3052 253 3102 dit:
271 3055 377 3103 stewech.
387 3058 494 3116 prohiberi
503 3069 543 3118 rep.
556 3056 628 3120 vulgo
636 3058 742 3117 probibere
753 3054 767 3098 ir
778 3066 818 3163 rpp.
837 3053 915 3102 Gebhr
1111 3044 1115 3071 Ι

234 3136 271 3176 40.
290 3122 511 3174 Animatusmelirrs,
528 3135 593 3175 «prtum
600 3122 708 3182 paratus]
725 3122 777 3165 Hoc
797 3130 844 3181 πρε
855 3116 937 3177 objicit
949 3118 1065 3183 Pompeios
1111 3150 1115 3193 Ι-

203 3194 240 3244 ep.
249 3191 269 3230 8.
286 3182 367 3230 librv.
387 3182 458 3244 &ep
472 3198 493 3236 3·
515 3181 555 3230 lib.
564 3196 612 3231 vir,
635 3183 660 3229 bt
676 3178 706 3227 ad
725 3180 795 3228 Attic.
813 3194 894 3243 ep.15.-
911 3177 1010 3230 libvn.
1027 3182 1066 3227 Sr-
1113 3224 1115 3235 ,

204 3258 252 3291 mus
258 3246 363 3305 flqritiose
372 3248 475 3305 imparati
486 3262 533 3291 cum
541 3261 555 3289 a
564 3247 684 3299 militibus,
700 3258 746 3289 tum
756 3261 768 3287 a
779 3246 873 3299 perraria,
891 3246 914 3291 Ρ.
922 3247 1018 3294 Manut.
1112 3244 1115 3287 1

238 3322 275 3366 41.
293 3310 379 3368 sapitum
391 3308 433 3366 fibi
450 3310 548 3371 legato]
563 3307 591 3356 ld
601 3305 632 3354 est
643 3306 749 3370 legatum
759 3302 801 3352 fibi
815 3303 887 3363 fecit,
903 3315 944 3352 aut
959 3305 1064 3355 vicarium
1112 3334 1115 3367 ς

205 3368 343 3434 adsumpfit,
360 3384 417 3418 narn
435 3370 481 3419 hoc
498 3368 561 3419 sensu
581 3371 672 3433 legatus
688 3367 770 3417 dicitur
784 3370 882 3417 Latinis.
910 3369 948 3416 Sic
965 3369 991 3417 in
1003 3373 1062 3417 orat.

204 3448 248 3498 pro
258 3439 316 3497 urg.
328 3434 414 3482 Manli.
432 3437 572 3481 obreuarum
584 3435 619 3492 effi
635 3434 727 3496 Qbirr'r
742 3423 830 3487 dicam,
845 3446 898 3477 anus
913 3434 1029 3487 Pompeio,
1042 3444 1064 3475 n
1110 3424 1115 3493 l

205 3502 308 3561 legaretur
328 3501 365 3548 «A.
382 3497 489 3547 Gabinius
507 3492 603 3559 Pompeia
623 3500 724 3560 expetenti
742 3512 768 3544 as
782 3494 907 3560 postulaui,
935 3484 1063 3610 Libia&
1109 3496 1114 3577 p

1107 3590 1112 3627 l
