2272 4020
178 145 374 213 Lrnnrt
415 140 745 207 Seconnus·
871 136 912 216 89

95 254 148 313 ”z
169 240 251 329 quod
272 249 309 320 fi,
328 259 359 305 ut
378 246 455 323 spero
471 293 479 320 ,
498 266 599 324 cepero
615 272 624 317 ;
643 260 704 307 tum
725 246 794 307 verb
813 249 913 308 litteras

47 254 146 411 wc
160 329 284 387 mittam.
304 326 377 383 Haec
390 325 426 383 ad
438 339 466 385 te
479 327 525 384 ⁵irr
539 325 664 400 praesenti
682 324 768 400 scripti
784 368 792 394 ,
811 338 841 384 ut
855 325 934 402 spe-t
950 329 1045 405 vesperi

56 426 102 479 rtt,
117 418 147 465 te
160 400 268 479 assequi
279 401 332 471 id,
351 400 428 477 quod
442 399 564 478 optasses.
604 400 673 471 Sed,
692 415 723 459 ut
744 401 853 459 redeam
879 395 1009 460 ad¹¹¹⁴²¹⁸·

54 484 172 550 Patitor,
191 481 257 539 haec
271 477 346 536 aestas
358 478 451 537 habnt
465 481 539 537 hunc
553 479 658 536 exitum
666 477 723 535 satis
739 476 855 536 felicem.
863 479 913 548 Ea,

55 576 109 648 qnae
119 557 261 634 sequitur.
280 571 384 629 magno
399 554 435 611 est
449 556 478 613 in
491 556 601 613 timore.
640 556 734 629 Quare
743 595 756 639 ,ι
771 555 811 611 mi
824 556 915 625 Rufe,

56 636 142 713 vigila:
162 631 287 709 primitm
301 642 331 689 ut
346 629 415 687 mihi
428 630 600 689 succedatur:
621 629 659 688 sm
674 629 702 687 id
720 640 786 698 ent,
805 642 835 688 ut
855 631 916 689 scri-

57 712 103 781 bit,
120 712 167 779 &-,
187 722 220 769 ut
242 726 296 784 ego
316 706 453 776 arbitror,
474 706 611 782 tspillius;
631 705 721 774 illud,
740 706 818 781 quod
838 707 935 764 sacilet
950 706 993 777 alit

20 836 22 842 ,
59 786 102 857 el,
119 785 225 862 nequid
239 783 308 843 mihi
321 783 453 857 temporis
466 794 635 859 prorogetur.
673 782 719 839 De
733 782 869 856 republica
882 800 915 840 ex
924 762 999 819 senus,

61 864 136 932 lton,
154 874 187 919 ut
201 874 282 920 antea
295 859 344 917 tibi
356 858 444 932 scripsr
459 902 468 928 ,
494 857 558 917 cbm
572 857 729 934 praesentia,
757 870 817 915 tum
833 860 916 917 etiam
928 865 944 925 v!
957 857 1002 929 tute
1044 924 1058 936 ..

20 975 26 985 ·
62 940 139 999 sutura
152 937 240 1012 magis
254 934 390 1010 exspecto.
410 937 504 1010 Quare
518 947 549 992 ut
562 935 596 992 ad
611 953 656 992 me
678 935 773 993 omnia
806 934 872 993 uam
880 915 1064 995 di·¹¹¹¹‘¹¹⁵⁴²''·

20 1005 29 1098 ’ξ
63 1014 222 1092 ligentiffime
236 1011 396 1088 perscribas,
415 1023 444 1070 te
459 1012 638 1070 vehementer
652 1028 731 1088 rogo.
751 953 829 1070 Vde.

315 1198 577 1245 EPISTOLA
608 1200 654 1244 XI.

20 1334 36 1357 ἲ·
86 1327 169 1376 Alto.
203 1330 240 1371 lta
254 1324 362 1384 sillicittts
384 1321 431 1382 est,
455 1323 559 1385 quidnam
579 1324 604 1368 de
619 1320 738 1382 succeffionae
758 1327 920 1386 provinciarum

20 1392 35 1421 θ’
64 1389 122 1453 Ram
142 1388 287 1443 demur,
308 1389 428 1432 moraniur
440 1385 483 1443 fisi
497 1386 558 1446 deeffe
577 1387 642 1432 verba
658 1385 769 1444 confirmet.
792 1392 847 1433 miro
863 1394 922 1436 enlm

20 1458 35 1482 ³·
64 1450 226 1510 uliedefiderair
241 1461 328 1498 teneam.
362 1451 476 1495 Pantheras
491 1449 590 1496 ludorum
601 1449 668 1509 cauffa
680 1452 795 1510 promittit.
828 1456 862 1497 De
873 1451 921 1508 sta·

20 1516 35 1547 0
63 1516 141 1577 πηῷ.
160 1511 353 1574 disigmtrffimasa
366 1513 427 1557 calio
443 1514 525 1557 litteras
539 1511 637 1574 postulat.
661 1516 688 1558 L.
706 1513 801 1568 Paullo,
823 1516 920 1562 CMor-

20 1582 32 1609 ³⁴
63 1576 164 1639 ΜΕ.
182 1577 296 1630 [A.V.C.
314 1577 438 1632 DCCul.]
454 1578 522 1622 Hanc
533 1572 641 1638 precellit
657 1589 693 1638 ep.
705 1590 727 1630 9.
751 1573 801 1623 Lib.
814 1590 858 1627 111.
887 1574 921 1628 se-

20 1639 28 1713 }
62 1638 225 1703 princepsa
242 1635 294 1686 Lib.
303 1650 366 1686 ¹111.

62 1770 183 1837 MT.C.
203 1775 283 1835 ΙΜΡ.
296 1776 339 1832 M.
354 1775 505 1835 COELIO
514 1776 653 1846 ,AEDILI
675 1776 827 1836 CURULI
837 1779 878 1848 ,S.
886 1780 922 1839 D.
949 1832 953 1837 .

64 1917 131 2025 PU
140 1936 214 1975 ron
223 1935 240 1974 n
250 1937 263 1973 s
273 1934 318 1973 un
337 1932 473 1991 umquam
487 1916 609 1975 accidere
623 1913 715 1991 polle,
734 1926 765 1972 ut
778 1917 846 1976 mihi
860 1936 922 1977 ver-

113 1992 146 2051 be
166 1988 311 2051 deessent:
330 2009 422 2066 neque
441 1991 529 2050 solum
549 1991 596 2049 ista
616 1992 701 2049 vestra
722 1994 855 2061 oratoria,
875 1995 920 2053 sed

64 2064 120 2125 baec
131 2068 216 2127 etiam
228 2068 300 2127 levia
313 2065 459 2126 nostratia?
478 2068 585 2126 Desunt
604 2080 698 2126 autem
736 2080 827 2142 ropter
850 2069 921 2129 hanc
1034 2130 1037 2135 ,

66 2142 180 2213 cansam,
200 2142 279 2221 quod
293 2141 406 2201 mirifice
419 2142 477 2202 sum
491 2144 615 2203 sollicitus
630 2188 638 2214 ‚
659 2086 790 2220 quiddam
811 2145 845 2203 de
858 2163 922 2220 pro-
938 2142 961 2188 Ρ·
969 2144 1051 2193 xx1v.

67 2217 152 2278 vinciis
165 2219 335 2278 decernatur.
373 2220 478 2278 Mirum
493 2238 539 2279 me
553 2220 715 2279 defiderium
737 2233 814 2279 tenet
834 2222 921 2295 urbis,

65 2292 214 2355 incredibile
222 2313 351 2354 meorum
360 2295 403 2363 ,⁶5
412 2308 439 2354 at
459 2314 494 2354 ue
508 2299 536 2355 in
550 2298 642 2372 primis
655 2297 923 2360 tuizsatietasautem
977 2308 980 2313 '

68 2372 233 2445 provinciae:
260 2372 305 2429 vel
326 2373 388 2447 quia
409 2315 535 2431 ridemur
555 2391 617 2431 eam
638 2374 742 2432 sarnam
769 2373 925 2445 consecuti,

70 2458 95 2502 ut
111 2445 140 2489 ⁶⁶
146 2465 206 2506 non
224 2460 284 2507 tam
305 2447 420 2506 acceffio
441 2449 612 2525 quaerenda,
631 2448 716 2525 quim
739 2451 849 2509 fortuna
864 2470 924 2510 me-

43 2528 46 2533 '
69 2521 160 2581 tuenda
173 2521 222 2581 lit:
242 2524 303 2592 vel,
325 2524 388 2599 qnia
407 2536 500 2583 totum
520 2526 664 2601 negotium
686 2543 745 2584 non
760 2524 796 2582 est
810 2525 925 2599 dignum

69 2596 157 2658 viribus
170 2598 284 2670 nostris,
304 2600 352 2679 qui
365 2601 470 2679 majora
491 2618 576 2661 onera
596 2602 626 2659 in
645 2603 781 2678 republica
801 2600 927 2663 sustinere

37 2686 43 2709 ¹.

898 2682 929 2740 ὃς

20 2858 22 2866 ι
90 2836 125 2885 65.
142 2835 184 2895 ,At
200 2835 260 2878 tuin
286 2835 348 2879 rimis
358 2836 394 2880 tui
399 2850 407 2878 .·
419 2833 507 2894 [atinae
518 2847 589 2881 amem
597 2836 718 2897 provincia.
751 2832 926 2885 Haeclestiout

20 2902 44 2916 ··“
70 2891 177 2941 nibinorr
183 2846 243 2941 satis
251 2844 340 2957 psncet,
355 2896 389 2943 ita
398 2896 489 2943 nullam
499 2896 575 2946 habeo
587 2912 660 2961 quam
675 2899 749 2961 magis
760 2896 878 2961 probem:
891 2899 926 2946 ni·

36 2962 46 3033 Ι·
71 2948 117 3027 lex
127 2969 209 3005 vetere
217 2955 281 3004 libro
291 2972 351 3014 ante,
367 2973 417 3005 non
426 2972 496 3005 auem
512 2960 535 3008 le
591 2975 617 3007 us
628 2994 642 3023 ‚¹
657 2973 682 3007 ut
696 2958 724 3007 sir
741 2976 748 3005 :
771 2962 865 3007 satietas
876 2972 927 3021 pro-

20 3024 27 3055 1
114 3020 119 3030 ⁰
362 3025 367 3032 “
459 3023 464 3031 ’
597 3025 602 3033 “
777 3041 783 3051 .
978 3045 981 3050 .

20 3038 41 3103 -·
66 3020 927 3149 ”mrmrr'rtrrtttrterrrtereret.

20 3166 25 3183 =
63 3152 108 3191 Mt
124 3151 208 3207 Aeque
217 3147 241 3191 in
249 3146 419 3207 primisprimas
427 3150 549 3208 provinca).
582 3147 706 3197 corradum

20 3232 25 3241 ·
90 3212 126 3256 66.
142 3213 194 3254 Non
204 3219 251 3254 tam
261 3207 359 3269 aeceffiu]
390 3212 442 3257 Hoc
454 3206 500 3264 est,
516 3210 581 3274 quod
592 3212 724 3275 Scipionem
734 3221 816 3257 monet
833 3211 925 3258 Hanni·

20 3269 25 3300 ν’
62 3262 96 3315 bal
104 3269 167 3333 apud
178 3269 297 3327 Liv.xxx,
305 3287 341 3325 30.
358 3276 405 3317 Non
414 3284 498 3318 tantum
509 3275 538 3318 ad
547 3275 571 3320 id
587 3306 594 3328 ,
608 3275 664 3336 quod
679 3275 730 3319 data
741 3285 790 3334 paee
798 3273 926 3332 haberejam

55 3341 109 3392 pam
122 3365 130 3389 ,
140 3334 165 3392 fi
176 3335 253 3396 prasio
261 3336 349 3390 vincas,
361 3335 433 3395 gloria
449 3336 551 3394 adjeceris
567 3369 574 3392 ,
589 3350 693 3399 quantum
706 3336 827 3390 ademeris,
836 3337 858 3393 fi
873 3338 927 3398 quid

52 3392 249 3504 ff‘rfifveniar.
276 3394 336 3449 Vide
351 3397 377 3448 δι
393 3400 459 3449 Orat.
475 3413 509 3448 11.
536 3397 567 3448 de
581 3399 686 3449 Provinc.
708 3393 780 3448 cons
793 3413 828 3458 14„
861 3397 883 3456 J.
898 3402 924 3444 F.

74 3474 186 3511 nmmo

478 3527 497 3573 F
513 3539 525 3581 5
590 3577 602 3605 Ι
823 3529 861 3579 ⁶7·
880 3522 928 3570 Cui·
