2272 4020
238 195 278 262 34
377 176 633 244 Erasmus>
668 170 965 241 Lrurorou

235 290 386 349 videantur.
424 290 525 366 Neque
540 287 583 365 (ut
596 307 649 366 ego
663 288 787 365 arbitror)
801 300 935 358 errarent,
955 307 992 348 ne
1005 284 1107 348 adver:

235 367 294 426 sarii
307 367 420 444 quidem
435 367 508 442 ejus,
528 364 549 424 fi
563 365 627 424 curn
640 384 715 442 pares
729 363 781 425 elle
795 386 855 425 non
867 362 1111 442 polient,pugna·'

92 452 206 506 edefine-
238 461 267 500 re
280 441 461 502 cdesisterent.
478 439 483 455 '
499 444 550 500 Me
570 443 684 520 quidem
705 445 788 501 etiam
808 443 851 501 illa
871 461 912 500 res
925 442 1105 515 consolamur,

90 532 140 568 rent
152 520 204 595 mr.
240 519 340 596 tqubd
353 537 406 595 ego
420 519 530 589 issum,
550 520 595 578 cui
608 519 652 577 vel
671 518 793 578 maxime
812 517 967 578 concedant
985 534 1087 577 omnes
1095 540 1122 591 ,·

89 584 154 631 ΨΜ·
239 608 271 654 ut
285 597 329 655 vel
344 614 375 652 ea
389 596 552 666 defendam,
572 614 636 673 quae
648 596 796 673 Pompejus
809 595 891 665 velit,
909 596 955 654 vel
973 600 1108 665 taceam,

239 672 399 740 ueletiam,
418 672 447 731 id
460 673 536 749 quod
550 674 619 731 mihi
638 672 759 731 maximi
778 671 875 741 lubet,
902 671 937 730 ad
956 670 1046 729 nostra
1059 688 1108 730 me

240 748 324 807 studia
344 751 461 807 referam
480 748 652 807 litterarum:
685 749 763 825 quod
787 747 915 824 profecib
941 744 1066 825 faciam,
1086 746 1111 807 fi·

242 827 311 883 mihi
325 843 372 899 per
386 824 506 901 ejusdem
519 826 669 884 amicitiam
682 826 779 884 licebit.
818 826 894 899 Quae
914 825 990 883 enim
1003 826 1118 900 propo·¹

242 900 290 960 fita
304 902 410 959 fuerant
423 902 518 969 nobis,
538 899 602 961 clun
618 903 647 959 bc
660 903 809 960 honoribus
824 901 1005 977 ampliffimiS,
1026 901 1056 958 ὃ(
1068 900 1108 960 la·

242 978 350 1035 boribus
364 978 489 1045 maximis
504 976 659 1053 ⁸perfuneli
674 975 804 1046 essemus,
825 977 937 1053 dignitas
957 978 986 1035 in
998 976 1108 1036 senten-

240 1053 282 1110 tiis
296 1053 433 1123 dicendis,
451 1054 555 1113 libertas
569 1057 597 1113 in
611 1054 747 1130 republica
759 1049 917 1129 capessenda
931 1077 940 1122 ;
962 1070 994 1111 ea
1007 1052 1111 1113 sublatar'·

239 1140 321 1187 tota:
341 1130 386 1187 sed
405 1148 458 1187 nec
477 1131 546 1189 mihi
566 1133 649 1206 magis
663 1174 672 1200 ,
686 1129 777 1211 xquim
792 1131 927 1188 omnibns.
966 1128 1042 1187 Nam
1061 1141 1109 1189 aut

28 1226 33 1234 ·
94 1202 161 1284 (ὣς
178 1225 230 1274 nul·
243 1200 441 1264 assentiendum
455 1207 491 1264 est
504 1204 597 1265 dnulla
612 1225 676 1265 cum
688 1209 819 1282 gravitate
831 1209 939 1282 paucis,
954 1217 1001 1264 aut
1013 1206 1110 1271 frustra

93 1298 124 1346 la
142 1294 222 1341 MSS..
244 1277 462 1355 diffentiendum.
495 1284 568 1341 Haec
583 1301 636 1360 ego
649 1284 685 1341 ad
697 1296 724 1342 tc
738 1285 775 1341 ob
789 1301 851 1341 eam
864 1284 972 1341 causam
986 1280 1109 1343 maxime
1128 1338 1134 1343 .

93 1393 149 1429 „u
159 1394 219 1443 quo·
229 1351 235 1365 '
244 1356 346 1426 scribo,
366 1369 397 1416 ut
405 1360 464 1434 jam
478 1359 533 1417 ede
546 1371 593 1417 tua
606 1378 718 1436 quoque
738 1362 844 1418 ratione
858 1360 998 1418 meditere.
1020 1359 1108 1418 Com·

93 1456 141 1506 que
150 1441 232 1492 detur.
246 1446 350 1493 mutata
357 1447 415 1494 tota
428 1436 496 1494 ratio
510 1435 548 1493 est
561 1436 682 1505 senatus,
697 1435 882 1511 judiciorum,
902 1437 950 1494 rei¹
960 1436 1044 1494 totius
1057 1454 1109 1511 pu-

93 1510 166 1555 om.
246 1510 331 1569 blicae.
353 1512 441 1569 otium
455 1512 532 1570 nobis
546 1512 735 1589 exoptandum
750 1512 786 1569 est
801 1534 807 1571 ι
836 1509 913 1588 quod
925 1513 967 1580 ii,
986 1513 1037 1587 qui
1055 1530 1111 1587 po·

94 1596 218 1663 squidem
244 1588 347 1644 tiuntur
367 1605 481 1658 rerum,
501 1588 647 1662 praestaturi
667 1589 793 1646 videntur
808 1589 856 1657 ‚··sr
876 1587 1003 1665 fquidam
1016 1588 1110 1647 homi-

95 1665 170 1713 Lama
245 1680 293 1720 nes
306 1662 448 1738 patientiis
462 1680 559 1722 eorum
574 1666 726 1739 potentiam
741 1666 810 1722 ferre
824 1666 971 1740 potuerint.
1009 1665 1109 1741 Digni-

131 1758 156 1806 12,
173 1758 198 1804 Β,
243 1749 329 1797 tatem
344 1739 456 1816 quidem
470 1740 543 1797 illam
558 1740 726 1798 consularem
741 1742 817 1799 fortis
833 1782 841 1810 ,
862 1744 891 1799 &
905 1740 1050 1799 constantis
1070 1740 1110 1800 se-

244 1818 362 1885 natoris,
381 1816 448 1876 nihil
461 1816 498 1873 est
511 1815 591 1892 qubd
604 1818 763 1892 cogitemus.
783 1815 879 1875 amiffa
896 1816 933 1875 est
946 1816 1047 1892 ⁹eulpd
1061 1836 1109 1877 eo-

244 1908 324 1961 rum,
344 1893 391 1968 qui
405 1891 420 1950 i
434 1892 528 1950 senatu
541 1893 712 1952 &ordinem
737 1893 988 1968 conjunctissimum
1008 1896 1039 1955 δι
1058 1895 1112 1955 ho·

127 1997 171 2043 ,m
181 1993 235 2043 aba·
245 1968 351 2026 minem
379 1968 550 2027 clarisslmum
573 1968 819 2028 cabalienaverunt.
858 1969 928 2040 Sed,
948 1984 979 2029 ut
998 1971 1032 2029 ad
1053 1990 1087 2031 ea
1100 2014 1116 2045 „

94 2011 217 2112 leuatum.
245 2062 310 2121 quae
324 2044 512 2121 conjuncliora
525 2045 603 2104 rebus
615 2047 668 2104 tuis
681 2046 763 2116 sunt,
783 2058 902 2105 revertar
914 2070 924 2114 ;
944 2048 1109 2129 Pompeium

1062 2126 1113 2189 tibi

278 2310 300 2354 7,
317 2295 386 2360 Qud
395 2310 428 2358 ego
439 2297 458 2342 is
464 2294 533 2355 sumu
549 2293 688 2357 Quodrnihi
699 2295 737 2346 rel
746 2299 852 2347 maxime
866 2296 993 2346 concedere
1008 2308 1109 2362 oportet.

247 2359 300 2410 Vid.
313 2372 364 2407 not.
376 2355 406 2406 ad
416 2363 494 2407 Senec.
502 2375 554 2408 vri.
572 2360 602 2408 de
613 2360 690 2408 Benef.
698 2378 734 2420 ²4·
754 2363 776 2415 J.
785 2368 809 2410 F.
817 2365 911 2410 Gronov.

279 2433 300 2471 8.
317 2420 428 2479 Perfunlli
436 2422 538 2483 effrenae]
554 2423 725 2484 Perfundiuscffe
739 2423 838 2480 dicitur,
861 2426 902 2488 qui
917 2422 947 2472 ad
962 2424 1052 2472 exitum
1068 2423 1111 2473 ali·

245 2487 310 2545 eujus
321 2487 365 2540 rei,
381 2480 428 2532 srvc
437 2482 546 2548 optabilis
557 2500 585 2534 ea
595 2483 636 2542 fit,
653 2482 700 2534 srvc
710 2486 809 2545 contra',
831 2487 880 2547 jam
894 2488 1006 2551 pervenit.
1045 2482 1112 2535 rioris

244 2549 336 2613 generis
347 2547 482 2610 exemplum
492 2546 538 2595 hoc
548 2547 599 2596 est:
616 2548 720 2611 Perfungi
732 2552 842 2597 bonoribus
856 2551 994 2612 impliffimt's.
1058 2547 1110 2599 Lib.

178 2626 181 2633 ·
246 2622 296 2658 111.
314 2608 344 2657 de
355 2614 448 2658 Orator.
469 2612 521 2672 Qr‘
529 2628 595 2656 annus
607 2616 718 2673 ciprianus
728 2615 753 2660 ab
763 2618 864 2661 honorum
873 2613 1014 2673 perfundione
1027 2614 1113 2665 adirm

244 2677 340 2719 omnium
350 2673 435 2731 conceffit
446 2671 475 2729 ad
484 2675 592 2737 [ammam
603 2677 750 2722 auctoritatam
763 2674 845 2733 dabat,
860 2680 879 2721 it
894 2678 938 2729 eius
954 2693 1035 2721 omnem
1044 2674 1113 2738 spem,

244 2747 308 2798 atque
318 2739 389 2780 omnia
398 2736 449 2781 vita
461 2733 544 2792 confilia
554 2748 619 2782 morte
632 2742 742 2799 pervertit.
775 2745 806 2788 Et
817 2737 927 2802 Sulpicius
942 2732 1006 2802 epist.
1016 2754 1036 2794 ς.
1059 2734 1112 2787 Lib.

246 2809 283 2845 rv.
302 2798 403 2860 omnibus
412 2797 469 2842 bonis
482 2810 542 2859 prope
555 2797 688 2861 perfundam
698 2802 741 2862 effe.
759 2800 890 2850 Posterioris
918 2800 992 2848 eneris
1008 2800 1075 2864 plura
1086 2803 1129 2854 ὃς·

245 2858 309 2923 apud
319 2858 381 2905 hune
393 2857 510 2915 nostrum,
527 2862 552 2908 &
563 2860 624 2925 apud
634 2862 692 2911 alios
703 2865 811 2928 exempla
827 2817 979 2927 suppeditant.
1001 2863 1113 2927 Defungi,

226 2950 228 2957 ·
245 2922 309 2969 valer
320 2919 396 2975 idern,
413 2919 450 2968 sed
461 2921 508 2969 hoc
523 2920 616 2981 differt,
633 2925 698 2989 quod
712 2925 737 2974 in
752 2927 842 2973 malam
858 2939 949 2989 partem
965 2923 1070 3036 semper,
1086 2937 1114 2975 ut

246 2997 301 3032 mea
311 2983 426 3039 memoria
435 2983 480 3041 est,
497 2987 619 3049 accipitur:
636 3004 685 3052 quo
695 2988 770 3036 modo
776 2986 868 3036 Coelius
878 2986 942 3053 epist.
952 3004 971 3037 1.
984 2990 1013 3037 Li
1029 3004 1112 3039 .vrrr.

246 3045 298 3094 usus
308 3045 354 3094 est:
371 3052 401 3094 Et
410 3049 447 3093 hoc
456 3049 562 3094 mendacio
574 3049 596 3107 fi
610 3067 653 3114 qua
665 3053 762 3114 perimit
774 3053 815 3098 tibi
825 3053 980 3114 impenderent,
996 3065 1021 3099 ut
1035 3051 1114 3111 defun·

243 3124 359 3172 geremur,
375 3114 455 3172 optavi.
490 3116 512 3159 Ρ.
525 3113 618 3161 Manut.

278 3187 299 3224 9.
319 3174 383 3234 Culpa
393 3191 475 3231 eoram,
493 3175 548 3226 does·
566 3178 686 3223 Catonem
695 3173 809 3240 fignificat
822 3191 828 3223 ε
845 3177 886 3240 qui
897 3174 1026 3240 publicanis
1037 3209 1044 3230 ,
1055 3190 1114 3239 que-

245 3231 285 3284 stis
296 3235 321 3281 in
332 3232 423 3291 senatu,
439 3234 461 3284 se
472 3236 597 3300 cupiditate
608 3236 744 3303 prolapsos,
762 3238 831 3287 nimis
846 3253 886 3286 ma
904 3255 936 3286 no
959 3237 1044 3302 ‚ublica
1055 3254 1114 3288 con-

246 3294 352 3354 duxille,
368 3311 393 3346 ur
408 3299 496 3347 locatio
512 3298 673 3357 induceretur,
694 3299 857 3364 postularant,
873 3254 1003 3350 alvenltus
1020 3299 1070 3359 est,
1087 3306 1114 3352 ὃ(

245 3359 279 3406 ita
290 3361 379 3423 equites
391 3377 404 3408 a
415 3361 493 3410 senatu
504 3363 627 3419 alienavit,
644 3366 669 3412 ὃ(
680 3364 831 3412 concordium
842 3364 951 3413 ordinum
968 3380 982 3413 a
997 3366 1115 3413 Cicerone

245 3418 271 3468 in
282 3421 401 3470 consulatu
412 3421 581 3480 constitutam,
598 3427 711 3487 opinione
726 3426 816 3484 falsus,
831 3425 942 3482 dissolvit.
975 3433 1029 3494 Qua
1043 3426 1074 3477 de
1089 3443 1115 3479 re

244 3486 313 3548 plura
323 3484 474 3553 epirotarum
486 3486 517 3543 ad
526 3487 599 3542 Attic.
611 3488 683 3545 Libro
691 3506 711 3543 r.
727 3492 827 3543 Lambt‘n.
1088 3555 1119 3605 R

1035 3568 1071 3608 ιο.

455 3675 465 3711 i
